end,filed,form,Name,Ticker,CIK,Currency,AccountsAndNotesReceivableNet,AccountsPayableAndAccruedLiabilitiesCurrent,AccountsPayableCurrent,AdditionalPaidInCapital,AdditionalPaidInCapitalCommonStock,AdjustmentForAmortization,AdjustmentsToAdditionalPaidInCapitalConvertibleDebtWithConversionFeature,AmortizationOfDebtDiscountPremium,Assets,AssetsCurrent,AvailableForSaleSecurities,Cash,CashAndCashEquivalentsAtCarryingValue,CashAndCashEquivalentsPeriodIncreaseDecrease,CashCashEquivalentsRestrictedCashAndRestrictedCashEquivalentsIncludingDisposalGroupAndDiscontinuedOperations,CashCashEquivalentsRestrictedCashAndRestrictedCashEquivalentsPeriodIncreaseDecreaseIncludingExchangeRateEffect,CommonStockParOrStatedValuePerShare,CommonStockSharesAuthorized,CommonStockSharesIssued,CommonStockSharesOutstanding,CommonStockValue,ConvertibleLongTermNotesPayable,ConvertibleNotesPayable,ConvertibleNotesPayableCurrent,DebtAndCapitalLeaseObligations,DebtConversionConvertedInstrumentAmount1,DebtInstrumentConvertibleBeneficialConversionFeature,DebtInstrumentDecreaseForgiveness,DebtInstrumentFaceAmount,DebtInstrumentIncreaseAccruedInterest,DebtInstrumentUnamortizedDiscount,DepreciationDepletionAndAmortization,DueToRelatedPartiesCurrent,EarningsPerShareBasicAndDiluted,EquityMethodInvestments,GainLossOnInvestments,GainLossOnSaleOfInvestments,GainLossOnSaleOfOtherAssets,GainsLossesOnExtinguishmentOfDebt,GrossProfit,IncreaseDecreaseInAccountsPayable,IncreaseDecreaseInAccountsPayableAndAccruedLiabilities,IncreaseDecreaseInInterestPayableNet,InterestExpense,InterestIncomeOperating,InterestIncomeOther,InterestPayableCurrent,InterestPayableCurrentAndNoncurrent,Liabilities,LiabilitiesAndStockholdersEquity,LiabilitiesCurrent,LitigationSettlementExpense,NetCashProvidedByUsedInFinancingActivities,NetCashProvidedByUsedInInvestingActivities,NetCashProvidedByUsedInOperatingActivities,NetIncomeLoss,NetRealizedOrUnrealizedGainLossOnTradingSecurities,NotesPayable,NotesPayableCurrent,OperatingExpenses,OperatingIncomeLoss,OtherAccruedLiabilitiesCurrent,OtherAssets,OtherAssetsNoncurrent,OtherLiabilitiesCurrent,OtherThanTemporaryImpairmentLossesInvestmentsAvailableforsaleSecurities,ProceedsFromConvertibleDebt,ProceedsFromNotesPayable,ProceedsFromRelatedPartyDebt,ProceedsFromSaleOfAvailableForSaleSecurities,ProceedsFromSaleOfLongtermInvestments,ProceedsFromSaleOfNotesReceivable,PropertyPlantAndEquipmentNet,RepaymentsOfDebt,RetainedEarningsAccumulatedDeficit,Revenues,SellingGeneralAndAdministrativeExpense,StockholdersEquity,StockIssuedDuringPeriodValueConversionOfUnits,WeightedAverageNumberOfShareOutstandingBasicAndDiluted,AdjustmentsToAdditionalPaidInCapitalOther,IncreaseDecreaseInPrepaidExpense,PreferredStockParOrStatedValuePerShare,PreferredStockSharesAuthorized,PreferredStockSharesIssued,PreferredStockSharesOutstanding,PrepaidExpenseCurrent
2017-06-30,2018-04-12,10-K,WATERSIDE CAPITAL CORPORATION,WSCC,CIK0000924095,USD,,,,15479680.0,,,,,0.0,,,17650.0,,-458485.0,,,1.0,10000000.0,1915548.0,1915548.0,1915548.0,,,,,150000.0,,,,,,438.0,,-0.2,,,-104000.0,-104000.0,,192.0,,,,,192.0,192.0,147569.0,,10574869.0,0.0,10574869.0,10427300.0,-274002.0,85000.0,-269483.0,-373921.0,-100425.0,,10427300.0,374113.0,,147569.0,,,,100000.0,,,,10000.0,85000.0,85000.0,,274002.0,-27970097.0,192.0,273688.0,-10574869.0,,1915548.0,,,,,,,
2017-09-30,2018-04-26,10-Q,WATERSIDE CAPITAL CORPORATION,WSCC,CIK0000924095,USD,,,2845.0,15494291.0,,,,,0.0,,,,,,,,1.0,10000000.0,1915548.0,1915548.0,1915548.0,7305.0,21916.0,,21916.0,,14611.0,,,,,,22517.0,-0.01,,,,,,,2845.0,,601.0,601.0,,,147569.0,,10585620.0,0.0,10578315.0,10427300.0,21916.0,,-21916.0,25362.0,,,10427300.0,25362.0,,601.0,,,,,21916.0,,,,,,,,-27995459.0,,24761.0,-10585620.0,,1915548.0,,,,,,,
2017-12-31,2018-05-11,10-Q,WATERSIDE CAPITAL CORPORATION,WSCC,CIK0000924095,USD,,,2478.0,15506479.0,,,,,8065.0,,,8065.0,,,8065.0,,1.0,10000000.0,1915548.0,1915548.0,1915548.0,25733.0,,49338.0,49338.0,,,,,,23605.0,,50792.0,-0.01,,,,,,,,,,4047.0,,,147569.0,,10604534.0,8065.0,10578801.0,,,,,23037.0,,,10427300.0,23037.0,,1454.0,,,,,,,,,,,,,-28018496.0,,18990.0,-10596469.0,,1915548.0,,,,,,,
2018-03-31,2018-06-06,10-Q,WATERSIDE CAPITAL CORPORATION,WSCC,CIK0000924095,USD,,,845.0,15523144.0,,,,,7590.0,,,7590.0,,,7590.0,,1.0,10000000.0,1915548.0,1915548.0,1915548.0,42124.0,,,74338.0,,,,,,32214.0,,,-0.02,,,,,,,,,,9516.0,,,147569.0,,10622752.0,7590.0,10580628.0,,,,,-35358.0,,,10427300.0,35358.0,,2914.0,,,,,,,,,,,,,-28053854.0,,25842.0,-10165160.0,,1915548.0,,,,,,,
2018-06-30,2018-09-05,10-K,WATERSIDE CAPITAL CORPORATION,WSCC,CIK0000924095,USD,,,6595.0,15539813.0,15539813.0,23850.0,60133.0,,4624.0,,,4624.0,,4624.0,4624.0,4624.0,1.0,10000000.0,1915548.0,1915548.0,1915548.0,,,63055.0,99338.0,,60133.0,,,,36283.0,,,-0.07,,,,,,,6595.0,,15692.0,39542.0,,,163261.0,156933.0,10660211.0,4624.0,10660211.0,10427300.0,99338.0,,-94714.0,-140851.0,,,10427300.0,140851.0,-140851.0,,,,,,99338.0,,,,,,,,-28110948.0,,101309.0,-10655587.0,,1915548.0,,,,,,,
2018-09-30,2018-11-13,10-Q,WATERSIDE CAPITAL CORPORATION,WSCC,CIK0000924095,USD,,,2845.0,15556480.0,,,16667.0,15251.0,17650.0,,,17650.0,,13026.0,17650.0,13026.0,1.0,10000000.0,1915548.0,1915548.0,1915548.0,,,86639.0,124338.0,,76800.0,,,,37699.0,,,-0.02,,,,,,,-3750.0,,5913.0,21165.0,,,169174.0,,10685958.0,17650.0,10685958.0,,25000.0,,-11974.0,-29388.0,,,10427300.0,29388.0,-29388.0,,,,,,25000.0,,,,,,,,-28140336.0,,8223.0,-10668308.0,,1915548.0,,,,,,,
2018-12-31,2019-02-19,10-Q,WATERSIDE CAPITAL CORPORATION,WSCC,CIK0000924095,USD,,,2845.0,15566480.0,,,10000.0,,10744.0,,,10744.0,,,10774.0,,1.0,10000000.0,1915548.0,1915548.0,1915548.0,,,113821.0,139338.0,,,,,,25517.0,,,-0.03,,,,,,,,,,28412.0,,,175405.0,,10719371.0,10744.0,10719371.0,,,,,-50289.0,,,10427300.0,50288.0,-50288.0,,,,,,,,,,,,,,-28190625.0,,21876.0,-10708597.0,,1915548.0,,,,,,,
2019-03-31,2019-05-20,10-Q,WATERSIDE CAPITAL CORPORATION,WSCC,CIK0000924095,USD,,,2845.0,15576480.0,,,10000.0,,13509.0,,,13509.0,,,13509.0,,1.0,10000000.0,1915548.0,1915548.0,1915548.0,,,154338.0,,,,,,,,,,-0.03,,,,,,,,,,42477.0,,,182335.0,,10766818.0,13509.0,10766818.0,,,,,-54712.0,,,10427300.0,54712.0,-54712.0,,,,,,,,,,,,,,-28245337.0,,12265.0,-10753309.0,,1915548.0,,,,,,,
2019-06-30,2019-09-30,10-K,WATERSIDE CAPITAL CORPORATION,WSCC,CIK0000924095,USD,,,7308.0,,15586480.0,75450.0,46667.0,75450.0,8993.0,,,8993.0,,,8993.0,4369.0,1.0,10000000.0,1915548.0,1915548.0,1915548.0,,,161838.0,,,,,,,,,184880.0,5.44,,,,,10584254.0,,713.0,,16735.0,92185.0,,,23042.0,23042.0,192188.0,8993.0,192188.0,,70000.0,,-65631.0,10425725.0,,,0.0,158529.0,-158529.0,,,,,,70000.0,,,,,,,,-17685223.0,,66344.0,-183195.0,,1915548.0,,,,,,,
2019-09-30,2019-11-19,10-Q,WATERSIDE CAPITAL CORPORATION,WSCC,CIK0000924095,USD,,,7308.0,,15596480.0,,10000.0,17500.0,11197.0,,,11197.0,,,11197.0,2204.0,1.0,10000000.0,1915548.0,1915548.0,1915548.0,,,184338.0,,,116800.0,,116800.0,,,,,-0.02,,,,,,,0.0,,5161.0,22661.0,,,28203.0,,219849.0,11197.0,219849.0,,15000.0,,-12796.0,35457.0,,,,35457.0,-35457.0,,,,,,15000.0,,,,,,,,-17720680.0,,12796.0,-208652.0,,1915548.0,,,,,,,
2019-12-31,2020-02-11,10-Q,WATERSIDE CAPITAL CORPORATION,WSCC,CIK0000924095,USD,,,11100.0,,15606480.0,,10000.0,,10333.0,,,10333.0,,,10333.0,,1.0,10000000.0,1915548.0,1915548.0,1915548.0,,,190768.0,,,,,,,,,,-0.01,,,,,,,,,,7239.0,,,34013.0,,235881.0,10333.0,235881.0,,,,,26895.0,,,,26895.0,-26895.0,,,,,,,,,,,,,,-17747575.0,,19655.0,-225547.0,,1915548.0,,,,,,,
2020-03-31,2020-05-11,10-Q,WATERSIDE CAPITAL CORPORATION,WSCC,CIK0000924095,USD,,,8600.0,,15616480.0,,10000.0,,11087.0,,,11087.0,,,11087.0,,1.0,10000000.0,1915548.0,1915548.0,1915548.0,,,202558.0,,,,,,,,,,-0.01,,,,,,,,,,13043.0,,,40266.0,,251424.0,11087.0,251424.0,,,,,24790.0,,,,24790.0,-24790.0,,,,,,,,,,,,,,-17772365.0,,11747.0,-240337.0,,1915548.0,,,,,,,
2020-06-30,2020-09-25,10-K,WATERSIDE CAPITAL CORPORATION,WSCC,CIK0000924095,USD,,,8700.0,,11609814.0,,40000.0,47500.0,12625.0,,,12625.0,,,12625.0,3632.0,1.0,10000000.0,6082214.0,6082214.0,6082214.0,,,104838.0,,,40000.0,,,,0.0,,,-0.06,,,,,,,1392.0,,23207.0,70707.0,,,20749.0,,134287.0,12625.0,134287.0,,60000.0,,-56368.0,-128467.0,,,0.0,128467.0,-128467.0,,,,134287.0,,60000.0,,,,,,,,-17813690.0,,57760.0,-121662.0,150000.0,2165548.0,,,,,,,
2020-09-30,2020-11-12,10-Q,WATERSIDE CAPITAL CORPORATION,WSCC,CIK0000924095,USD,,,15749.0,,11619814.0,,10000.0,10000.0,12695.0,,,12695.0,,,12695.0,70.0,1.0,10000000.0,6082214.0,6082214.0,6082214.0,,,119838.0,,,,,,,,,,-0.01,,,,,,,7049.0,7049.0,3270.0,13270.0,,,24019.0,,159606.0,12695.0,159606.0,,15000.0,,-14930.0,-35249.0,,,,35249.0,-35249.0,,,,,,15000.0,,,,,,,,-17848939.0,,21979.0,-146911.0,,6082214.0,,,,,,,
2020-12-31,2021-02-16,10-Q,WATERSIDE CAPITAL CORPORATION,WSCC,CIK0000924095,USD,,,10500.0,,11631481.0,,11667.0,,1783.0,,,1783.0,,,1783.0,,0.0001,10000000.0,6082214.0,6082214.0,6082214.0,,,137338.0,,,,,,,,,,-0.01,,,,,,,,,,15523.0,,,27874.0,,175712.0,1783.0,175712.0,,,,,-38685.0,,,,38685.0,,,,,175712.0,,,,,,,,,,-17887624.0,,23162.0,-173929.0,,6082214.0,,,0.0001,,,,
2021-03-31,2021-05-12,10-Q,WATERSIDE CAPITAL CORPORATION,WSCC,CIK0000924095,USD,,,12000.0,,11634814.0,,3333.0,,1519.0,,,1519.0,,,1519.0,,1.0,10000000.0,6082214.0,6082214.0,6082214.0,,,142338.0,,,,,,,,,,0.0,,,,,,,,,,7560.0,,,32102.0,,186440.0,1519.0,186440.0,,,,,14324.0,,,,14324.0,,,,,186440.0,,,,,,,,,,-17901949.0,,6764.0,-184921.0,,6082214.0,,,,,,,
2021-06-30,2021-09-01,10-K,WATERSIDE CAPITAL CORPORATION,WSCC,CIK0000924095,USD,,22089.0,22089.0,17721420.0,11639814.0,,30000.0,30000.0,44.0,,,44.0,,,44.0,-12581.0,0.0001,100000000.0,6082214.0,6082214.0,608.0,,,149838.0,,,30000.0,,,,0.0,,186279.0,-0.02,,,,,,,13389.0,,15692.0,45692.0,,,36441.0,,208368.0,44.0,208368.0,,45000.0,,-57581.0,-116662.0,,,0.0,116662.0,-116662.0,,,,,,45000.0,,,,,,,,-17930352.0,,70970.0,-208324.0,,6082214.0,,,0.0001,20000000.0,0.0,0.0,
2021-09-30,2021-11-15,10-Q,WATERSIDE CAPITAL CORPORATION,WSCC,CIK0000924095,USD,,25502.0,,,11847458.0,,,,,,,,,,,-44.0,1.0,10000000.0,6082214.0,6082214.0,6082214.0,,,,,,,,,,,,,0.0,,,,,,,,3413.0,,2997.0,,,,,,,25502.0,,18367.0,,-18411.0,-24822.0,,,,24822.0,,,,,,,,,18367.0,,,,,,-17955174.0,,21825.0,-25502.0,,6082214.0,207644.0,,,,,,
2021-12-31,2022-02-11,10-Q,WATERSIDE CAPITAL CORPORATION,WSCC,CIK0000924095,USD,,14989.0,,17929064.0,,,,,60302.0,,,58484.0,,,58484.0,,0.0001,100000000.0,6082214.0,6082214.0,608.0,,,,,,,,,,,,100000.0,0.0,,,,,,,,,,,,,,,,60302.0,114989.0,,,,,-29185.0,,,,29185.0,,,,,,,,,,,,,,,-17984359.0,,29185.0,-54687.0,,6082214.0,,,0.0001,20000000.0,0.0,0.0,1818.0
