end,filed,form,Name,Ticker,CIK,Currency,AccountsPayableOtherCurrentAndNoncurrent,AccountsReceivableRelatedParties,AccruedFeesAndOtherRevenueReceivable,AccruedProfessionalFeesCurrentAndNoncurrent,AssetManagementCosts,Assets,Cash,CashAndCashEquivalentsAtCarryingValue,CashAndCashEquivalentsPeriodIncreaseDecrease,CashCashEquivalentsRestrictedCashAndRestrictedCashEquivalents,CashCashEquivalentsRestrictedCashAndRestrictedCashEquivalentsPeriodIncreaseDecreaseExcludingExchangeRateEffect,CommissionsPayableToBrokerDealersAndClearingOrganizations,CommonStockParOrStatedValuePerShare,CommonStockSharesIssued,CommonStockSharesOutstanding,CustodyFees,Deposits,DividendIncomeOperating,DividendsReceivable,DueFromRelatedParties,DueToCorrespondentBrokers,DueToOfficersOrStockholdersCurrentAndNoncurrent,DueToRelatedPartiesCurrentAndNoncurrent,FairValueAssetsLevel1ToLevel2TransfersAmount,FairValueAssetsLevel2ToLevel1TransfersAmount,FeesAndCommissions,FloorBrokerageExchangeAndClearanceFees,GainLossOnSaleOfInvestments,GeneralPartnersCapitalAccount,IncomeTaxExaminationPenaltiesAndInterestExpense,IncreaseDecreaseInAccountsAndOtherReceivables,IncreaseDecreaseInAccountsPayableRelatedParties,IncreaseDecreaseInAccountsReceivableRelatedParties,IncreaseDecreaseInAccruedInterestReceivableNet,IncreaseDecreaseInAccruedLiabilities,IncreaseDecreaseInDividendsReceivable,IncreaseDecreaseInDueToOfficersAndStockholders,IncreaseDecreaseInFinancialInstrumentsUsedInOperatingActivities,IncreaseDecreaseInOtherAccountsPayable,IncreaseDecreaseInOtherOperatingAssets,IncreaseDecreaseInOtherOperatingLiabilities,IncreaseDecreaseInPayablesToBrokerDealers,IncreaseDecreaseInPrepaidExpense,IncreaseDecreaseInTradingLiabilities,InterestIncomeOperating,InterestReceivable,Liabilities,LiabilitiesAndPartnersCapital,LiabilitiesAndStockholdersEquity,LicenseCosts,LimitedPartnersCapitalAccount,LimitedPartnersCapitalAccountUnitsAuthorized,LimitedPartnersCapitalAccountUnitsIssued,LimitedPartnersCapitalAccountUnitsOutstanding,LitigationSettlementInterest,LossContingencyDamagesAwardedValue,LossContingencyDamagesPaidValue,ManagementFeeExpense,ManagementFeePayable,NetCashProvidedByUsedInFinancingActivities,NetCashProvidedByUsedInFinancingActivitiesContinuingOperations,NetCashProvidedByUsedInOperatingActivities,NetCashProvidedByUsedInOperatingActivitiesContinuingOperations,NetIncomeLoss,NetIncomeLossNetOfTaxPerOutstandingLimitedPartnershipUnitDiluted,NetIncomeLossPerOutstandingLimitedPartnershipUnit,NetIncomeLossPerOutstandingLimitedPartnershipUnit,NetIncomeLossPerOutstandingLimitedPartnershipUnitBasicNetOfTax,NetIncomeLossPerOutstandingLimitedPartnershipUnitDiluted,NetIncomeLossPerOutstandingLimitedPartnershipUnitDiluted,NoninterestExpenseDirectorsFees,NoninterestExpenseTransferAgentAndCustodianFees,OperatingExpenses,OtherAssets,OtherDerivativesNotDesignatedAsHedgingInstrumentsAtFairValueNet,OtherExpenses,OtherGeneralExpense,OtherIncome,OtherLiabilities,OtherReceivables,PartnersCapital,PartnersCapitalAccountContributions,PartnersCapitalAccountRedemptions,PartnersCapitalAccountUnitsContributed,PartnersCapitalAccountUnitsRedeemed,PrepaidExpenseCurrentAndNoncurrent,ProceedsFromPartnershipContribution,ProfessionalFees,RevenueFromContractWithCustomerIncludingAssessedTax,Revenues,StockholdersEquityNoteStockSplitConversionRatio1,TradingLiabilities,TradingSecuritiesRealizedGainLoss,TrusteeFees,UnrealizedGainLossOnDerivativesAndCommodityContracts,UnrealizedGainLossOnInvestments,WeightedAverageLimitedPartnershipUnitsOutstanding,DebtSecuritiesTradingRealizedGainLoss,InvestmentOwnedBalanceContracts,PaymentsForLegalSettlements
2007-12-31,2008-03-17,10-K,"United States Oil Fund, LP",USO,CIK0001327068,USD,,,,,,,,354816049.0,,,,,,,,,,,,,,,,,,,,,,,,,,,,,,,,,,,,,,,,,,,,,,,,,,,,,,,,,,,,,,,,,,,,,,,,,485222737.0,,,,,,,,,,,,,,,,,,,
2008-12-31,2009-03-02,10-K,"United States Oil Fund, LP",USO,CIK0001327068,USD,,,,,4058250.0,,,1025376289.0,670560240.0,,,,,,,,,7295847.0,,,,,,,,,1607632.0,-923692430.0,,,,,,,810601.0,,3917.0,1270135282.0,,,,157200.0,,,6754938.0,,,,,279809.0,,,,,,,,,,2856494866.0,,-2185934626.0,,-855496359.0,,,-41.51,,,-63.14,144929.0,,8115794.0,,,,,350000.0,,,2569623931.0,12435374223.0,9495476670.0,184900000.0,116400000.0,,12351971536.0,1337965.0,,-847380565.0,,,,,61911080.0,61911080.0,13549727.0,,,
2009-06-30,2009-08-10,10-Q,"United States Oil Fund, LP",USO,CIK0001327068,USD,,,,,3114522.0,,,1728456945.0,,,,,,,,,,1420861.0,,,,,,,,,921579.0,981799260.0,,,,,,,,,,,,,,,,,33415.0,,,,,,,,,,,,,,,,,,,734585939.0,,8.46,,,8.64,,,,5895357.0,,,598290.0,,86000.0,,,,,,,,,,1260966.0,,740481296.0,,,,,,-242858240.0,85018681.0,,,
2009-09-30,2009-11-09,10-Q,"United States Oil Fund, LP",USO,CIK0001327068,USD,,,,,2444275.0,,,1865747446.0,,,,,,,,,,647800.0,,,,,,,,,598751.0,-116290290.0,,,,,,,,,,,,,,,,,18032.0,,,,,,,,,,,,,,,,,,,-64854042.0,,-1.51,,,-1.08,,,,3886594.0,,,404517.0,,66000.0,,,,,,,,,,439051.0,,-60967448.0,,,,,,54591010.0,59920652.0,,,
2009-12-31,2010-03-01,10-K,"United States Oil Fund, LP",USO,CIK0001327068,USD,,,,,11700716.0,2580080822.0,322670551.0,2072425180.0,1047048891.0,,,111386.0,,,,,,4035182.0,83916.0,,,911277.0,105743070.0,,,,3888197.0,578446510.0,,,,,,,852974.0,-267819.0,-11193.0,-1033795481.0,,-73465.0,,-68700.0,,,223472.0,,108828005.0,2580080822.0,,623062.0,2471252817.0,,,63100000.0,,,,,,-551022397.0,,1598071288.0,,649378719.0,,,4.85,,,8.23,164984.0,,20357395.0,623125.0,,90768.0,1800000.0,369000.0,2062272.0,,2471252817.0,5679117242.0,6426867075.0,182900000.0,194700000.0,,5770101608.0,2658818.0,,669736114.0,,,,,86661950.0,86661950.0,78901918.0,,,
2010-03-31,2010-05-10,10-Q,"United States Oil Fund, LP",USO,CIK0001327068,USD,,,,,2262154.0,,,1501361593.0,-571063587.0,,,,,,,,,93823.0,,,,,,,,,468036.0,231075700.0,,,,,,,,,,-79443336.0,,,-22830.0,-51000.0,,,12871.0,,,,,,,,,,,,,,,-877945462.0,,306881875.0,,74436366.0,,,1.43,,,1.4,,,3526778.0,,,191683.0,,52000.0,,,,,,,,,455922092.0,604905.0,,77963144.0,,,,,-153271250.0,-153271250.0,53153333.0,,,
2010-06-30,2010-08-09,10-Q,"United States Oil Fund, LP",USO,CIK0001327068,USD,,,,,2201081.0,2054841830.0,317827635.0,1733497973.0,,,,86186.0,,,,,,188946.0,76657.0,,,830061.0,75816816.0,,,,550220.0,-256875160.0,,,,,,,,,,,,,,,,,18223.0,,78174146.0,2054841830.0,,,1976667684.0,,,57900000.0,,,,,,,,,,-288324484.0,,-6.45,-6.45,,-5.34,-5.34,,,3518913.0,626345.0,,398261.0,,56000.0,1441083.0,,1976667684.0,,,,,,,369351.0,,-284805571.0,,,,,,-28193580.0,53975824.0,,,
2010-09-30,2010-11-09,10-Q,"United States Oil Fund, LP",USO,CIK0001327068,USD,,,,,2131787.0,1983531463.0,285396747.0,1613934752.0,,,,78186.0,,,,,,285811.0,81039.0,,,685893.0,118596862.0,,,,487178.0,-22435714.0,,,,,,,,,,,,,,,,,7894.0,,120865933.0,1983531463.0,,,1862665530.0,,,53400000.0,,,,,,,,,,55705675.0,,0.74,0.74,,1.01,1.01,,,2878696.0,617325.0,,259731.0,,38000.0,1504992.0,,1862665530.0,,,,,,,104484.0,,58584371.0,,,,,,80688380.0,55422826.0,,,
2010-12-31,2011-03-01,10-K,"United States Oil Fund, LP",USO,CIK0001327068,USD,,,,,8633654.0,1822041333.0,254503610.0,1522955092.0,-549470088.0,,,59186.0,,,,,1777458702.0,777411.0,48785.0,,,698317.0,31174128.0,,,,1928711.0,210513966.0,,,,,,,-556099.0,-35131.0,17503.0,-68166941.0,,-49619.0,,-52200.0,,,49640.0,,33433761.0,1822041333.0,1822041333.0,457809.0,1788607572.0,,,45900000.0,,,,,,-815815661.0,,266345573.0,,275385391.0,,,3.9,,,1.11,350085.0,,15313279.0,573506.0,,63757.0,1200000.0,197000.0,1502130.0,,1788607572.0,3047157141.0,3788403860.0,85600000.0,102800000.0,,3047157141.0,1127427.0,,71220307.0,,,,,-140317710.0,-140317710.0,52890959.0,,,
2011-03-31,2011-05-10,10-Q,"United States Oil Fund, LP",USO,CIK0001327068,USD,,,,,2133561.0,2193152511.0,232313336.0,1882424178.0,359469086.0,,,63686.0,,,,,,116053.0,39615.0,,,804328.0,140138409.0,,,,481714.0,205286940.0,,,,,,,,-9170.0,,-22190274.0,,39866.0,1487.0,4500.0,,,9734.0,,141972285.0,2193152511.0,,115077.0,2051180226.0,,,48100000.0,,,,,,135388216.0,,224080870.0,,236148719.0,,,3.67,,,4.78,,,3139678.0,613372.0,,200338.0,,74000.0,965862.0,,2051180226.0,1720747666.0,1694323731.0,43900000.0,41700000.0,,1720747666.0,324065.0,,239288397.0,,,,,33801670.0,33801670.0,49374444.0,,,
2011-06-30,2011-08-09,10-Q,"United States Oil Fund, LP",USO,CIK0001327068,USD,,,,,1784880.0,1520805941.0,326906415.0,1252621841.0,,,,46186.0,,,,,1579528256.0,32303.0,7655.0,,,506405.0,78003657.0,,,,361481.0,-16027940.0,,,,,,,,,,,,,,,,,11054.0,,79688601.0,,1520805941.0,,1441117340.0,,,38500000.0,,,,,,,,,,-155619054.0,,,-5.21,,,-3.99,,,2639361.0,579130.0,,164933.0,,76000.0,1131216.0,,1441117340.0,,,,,,,328067.0,,-152979693.0,,1137.0,,,,-137071110.0,39032967.0,,,
2011-09-30,2011-11-09,10-Q,"United States Oil Fund, LP",USO,CIK0001327068,USD,,,,,1493839.0,1170556788.0,315955004.0,975656979.0,,,,48186.0,,,,,1291611983.0,18394.0,4011.0,,,461318.0,74381039.0,,,,353831.0,-149599580.0,,,,,,,,,,,,,,,,,26544.0,,75996385.0,,1170556788.0,,1094560403.0,,,35700000.0,,,,,,,,,,-213832182.0,,,-6.77,,,-5.66,,,2044920.0,541514.0,,152952.0,,59000.0,1105842.0,,1094560403.0,,,,,,,44298.0,,-211787262.0,,,,,,-62291620.0,37797826.0,,,
2011-12-31,2012-02-29,10-K,"United States Oil Fund, LP",USO,CIK0001327068,USD,,,,,6761103.0,1174394398.0,303665981.0,838608739.0,-684346353.0,,,32186.0,,,,,,193961.0,10659.0,38074230.0,,445715.0,64726191.0,,,,1529433.0,201717550.0,,,,,,202.0,,-38126.0,-5050.0,49162371.0,,-66609.0,153.0,-27000.0,,553.0,72005.0,202.0,66435516.0,,1174394398.0,353950.0,1107958882.0,,,29100000.0,,,,,,-827196655.0,,142850302.0,,417354113.0,3.57,,6.51,-0.9,,3.57,,,11784177.0,506897.0,,109999.0,1200000.0,279000.0,153.0,,1107958882.0,5159411628.0,5982086116.0,138300000.0,155100000.0,,5121337398.0,881228.0,,,,553.0,,20000.0,-50432650.0,-50432650.0,39764384.0,,,
2012-03-31,2012-05-10,10-Q,"United States Oil Fund, LP",USO,CIK0001327068,USD,,,,,1518025.0,1424646767.0,269144769.0,1206280210.0,367671471.0,,,42586.0,,,,,,36097.0,15053.0,,,566872.0,,,,,307757.0,85764740.0,,,,,,315.0,,4394.0,,-34521212.0,,68861.0,9516.0,10400.0,,-553.0,43232.0,517.0,1372948.0,,1424646767.0,50601.0,1423273819.0,,,36300000.0,,,,,,249922605.0,,117748866.0,,38740371.0,,,1.14,1.14,,1.13,,,2243468.0,575758.0,,110361.0,,37000.0,48081.0,,1423273819.0,925232103.0,648657537.0,23600000.0,16400000.0,,963306333.0,295495.0,,,,,,20000.0,-44897230.0,-44897230.0,34348352.0,,,
2012-06-30,2012-08-09,10-Q,"United States Oil Fund, LP",USO,CIK0001327068,USD,,,,,1372870.0,1356467024.0,295295224.0,1028742653.0,,,,47211.0,,,,,,73224.0,23035.0,,,432866.0,2916652.0,,,,323199.0,-294745220.0,,,,,,,,,,,,,,,,,27303.0,,4126801.0,,1356467024.0,,1352340223.0,,,42400000.0,,,,,,,,,,-229473745.0,-6.59,,-7.32,-7.32,,-6.59,,,2172632.0,538657.0,,105692.0,,54000.0,92834.0,,1352340223.0,,,,,,,359041.0,,,,,,,,67289580.0,34840659.0,,,
2012-09-30,2012-11-09,10-Q,"United States Oil Fund, LP",USO,CIK0001327068,USD,,,,,1391015.0,1132772937.0,291628169.0,846272968.0,,,,43911.0,,,,,,50326.0,16299.0,,,433616.0,,,,,329550.0,146631510.0,,,,,,,,,,,,,,,,,45771.0,167.0,1492218.0,,1132772937.0,,1131280719.0,,,33100000.0,,,,,,,,,,78593909.0,2.19,,2.29,2.29,,2.19,,,2223828.0,476258.0,,119035.0,,62000.0,91433.0,,1131280719.0,,,,,,,360568.0,,,,,,,,-65971870.0,35838043.0,,,
2012-12-31,2013-02-27,10-K,"United States Oil Fund, LP",USO,CIK0001327068,USD,,,,,5751949.0,1241349207.0,154761599.0,1019006171.0,180397432.0,,,44461.0,,,,,,221143.0,20182.0,,,516449.0,56390127.0,,,190000.0,1298827.0,-196807460.0,0.0,,0.0,,,-202.0,,9523.0,2266.0,-148904382.0,0.0,-126062.0,-553.0,12275.0,-128360.0,-553.0,176231.0,0.0,58245872.0,,1241349207.0,191732.0,1183103335.0,,,35400000.0,,,,,,236405011.0,,-56007579.0,,-150905319.0,-3.62,,-5.41,-5.41,,-3.62,235480.0,20000.0,11270144.0,380835.0,,103875.0,1000000.0,190000.0,153.0,,1183103335.0,3503707052.0,3297040207.0,100100000.0,93800000.0,,3541781282.0,1299277.0,,-122567356.0,,,,,73652730.0,73652730.0,36296721.0,,,
2013-03-31,2013-05-10,10-Q,"United States Oil Fund, LP",USO,CIK0001327068,USD,,,,,1192949.0,1065544076.0,117452270.0,852052107.0,-166954064.0,,,37461.0,,,,,,42696.0,14079.0,,,376786.0,48311611.0,,,,249623.0,63627270.0,0.0,,,,,0.0,,-6103.0,0.0,-37309329.0,,-53267.0,-2960.0,-7000.0,,0.0,42706.0,,49584661.0,,1065544076.0,39765.0,1015959415.0,,,29200000.0,,,,,,-265541689.0,,98587625.0,,45085571.0,1.43,,1.37,1.37,,1.43,,20000.0,1949051.0,327568.0,,92341.0,1200000.0,38000.0,40169.0,,1015959415.0,408618512.0,620848003.0,12000000.0,18200000.0,,363384830.0,301175.0,,47034622.0,,,,,-16716050.0,-16716050.0,31525556.0,,,
2013-06-30,2013-08-09,10-Q,"United States Oil Fund, LP",USO,CIK0001327068,USD,,,,,983255.0,900475247.0,90902261.0,780316999.0,,,,29461.0,,,,,,33926.0,10611.0,,,298441.0,81817789.0,,,,237090.0,39679540.0,0.0,,,,,,,,,,,,,,,,41515.0,,83104825.0,,900475247.0,,817370422.0,,,23900000.0,,,,,,,,,,-7308291.0,-0.28,,,-0.59,,,,,1788322.0,194278.0,,82067.0,,78000.0,38304.0,,817370422.0,,,,,,,371693.0,,-5519969.0,,,,,,-45352950.0,26128571.0,,,
2013-09-30,2013-11-12,10-Q,"United States Oil Fund, LP",USO,CIK0001327068,USD,,,,,919796.0,782998872.0,95915369.0,696742167.0,,,,28461.0,,,,,,27985.0,9089.0,,,316470.0,0.0,,,,223754.0,99527130.0,0.0,,,,,,,,,,,,,,,,39099.0,,1496484.0,,782998872.0,,781502388.0,,,21200000.0,,,,,,,,,,64699853.0,3.01,,,2.66,,,,,1572691.0,55502.0,,78015.0,,72000.0,35807.0,,781502388.0,,,,,,,235653.0,,66272544.0,,,,,,-33393670.0,21478261.0,,,
2013-12-31,2014-02-28,10-K,"United States Oil Fund, LP",USO,CIK0001327068,USD,153.0,,,1230814.0,3981890.0,640220925.0,20806873.0,570875786.0,-448130385.0,,,19661.0,,,,,,130166.0,7969.0,,,254721.0,64385796.0,,,261000.0,965576.0,144592660.0,0.0,,3000.0,,-362266.0,52.0,,-12213.0,-4526.0,-133954726.0,0.0,-362248.0,0.0,-24800.0,0.0,0.0,166245.0,52.0,65943871.0,,640220925.0,132730.0,574277054.0,,,16300000.0,,,,,20881.0,-720599443.0,,272469058.0,,45457979.0,2.92,,,0.18000000000000016,,,195353.0,20000.0,8144066.0,18587.0,,88352.0,1000000.0,261000.0,153.0,4000.0,574277054.0,4397936880.0,5080730717.0,124700000.0,143800000.0,,4352135605.0,1088401.0,,53602045.0,,,0.0,,-64455450.0,-64455450.0,25330685.0,,,
2014-03-31,2014-05-12,10-Q,"United States Oil Fund, LP",USO,CIK0001327068,USD,,,,,750779.0,594230318.0,39068711.0,548695217.0,-22180569.0,,,20661.0,,,,,,18289.0,5259.0,,,240550.0,43950792.0,,,91000.0,264164.0,27074999.0,0.0,,-1000.0,,44390.0,-52.0,,-2710.0,-20881.0,18261838.0,,62844.0,0.0,1000.0,0.0,,53246.0,0.0,45101360.0,,594230318.0,25025.0,549128958.0,,,15000000.0,,,,,,-29361184.0,,7180615.0,,29579359.0,1.53,,,1.38,,,44892.0,20000.0,1312905.0,81431.0,,69917.0,900000.0,91000.0,153.0,,549128958.0,1677153270.0,1731880725.0,48300000.0,49600000.0,,1722954545.0,227545.0,,30892264.0,,,,,3654730.0,3654730.0,19293333.0,,,
2014-06-30,2014-08-11,10-Q,"United States Oil Fund, LP",USO,CIK0001327068,USD,,,,744517.0,626155.0,642132589.0,31591741.0,604366648.0,,,,15661.0,,,,,,15087.0,5074.0,,,206347.0,0.0,,,46000.0,146990.0,33275021.0,0.0,,,,,,,,,,,,,,,,28052.0,0.0,1020160.0,,642132589.0,20873.0,641112429.0,,,16500000.0,,,,,30299.0,,,,,32061691.0,2.15,,,2.25,,,42660.0,,1034579.0,57315.0,,64383.0,,46000.0,0.0,,641112429.0,,,,,,,197051.0,,33096270.0,,,,,,-267890.0,14884615.0,,,
2014-09-30,2014-11-10,10-Q,"United States Oil Fund, LP",USO,CIK0001327068,USD,,,,857486.0,813975.0,667365169.0,34833523.0,634977725.0,,,,24661.0,,,,,,15140.0,5095.0,,,278089.0,27962184.0,,,60000.0,208898.0,-70058320.0,0.0,,,,,,,,,,,,,,,,41982.0,0.0,29184591.0,,667365169.0,27132.0,638180578.0,,,18600000.0,,,,,32517.0,,,,,-79777495.0,-4.0,,,-4.55,,,45170.0,,1237347.0,35966.0,,72302.0,,60000.0,0.0,,638180578.0,,,,,,,142172.0,,-78540148.0,,,0.0,,,-8598950.0,19936957.0,,,
2014-12-31,2015-03-02,10-K,"United States Oil Fund, LP",USO,CIK0001327068,USD,0.0,0.0,,900815.0,3197210.0,1297252971.0,275061689.0,1139071536.0,568195750.0,,,73661.0,,,,,,63583.0,5094.0,,,403300.0,18137403.0,,,276000.0,988505.0,-314354470.0,0.0,,-1000.0,,0.0,-52.0,,-2875.0,899.0,254254816.0,-153.0,,0.0,54000.0,0.0,,182708.0,0.0,19573098.0,,1297252971.0,106574.0,1277679873.0,1627000000.0,,63400000.0,,,,,21780.0,1141499353.0,1141499353.0,-573303603.0,-573303603.0,-960410023.0,-22.27,,,-29.240000000000002,,,181613.0,20000.0,6611479.0,,,,600000.0,,,3000.0,1277679873.0,5187835835.0,3995159782.0,166500000.0,119400000.0,0.0,5182907528.0,622903.0,,-953798544.0,,,0.0,,-170342900.0,-170342900.0,21970685.0,,,
2015-03-31,2015-05-07,10-Q,"United States Oil Fund, LP",USO,CIK0001327068,USD,,35835.0,,390170.0,2557917.0,2889257190.0,369394262.0,2600320969.0,1461249433.0,,,173961.0,,,,,,16217.0,5943.0,,,1054475.0,95276445.0,,,95000.0,1187217.0,-324511450.0,0.0,,1000.0,,35835.0,0.0,,849.0,-21780.0,94332573.0,,,,137822.0,970741.0,,194598.0,,96983002.0,,2889257190.0,85264.0,2792274188.0,1627000000.0,,165500000.0,,,,,0.0,1884643602.0,,-423394169.0,,-276690243.0,-2.16,,,-3.28,,,68084.0,20000.0,4118398.0,,,,,,,4000.0,2792274188.0,3113839910.0,1322555352.0,175800000.0,73700000.0,970741.0,3130059912.0,214577.0,,-272571845.0,,,,,51633790.0,51633790.0,128206667.0,,,
2015-06-30,2015-08-05,10-Q,"United States Oil Fund, LP",USO,CIK0001327068,USD,,12101.0,,369530.0,2903429.0,2407617937.0,271314431.0,2086691165.0,,,,173961.0,,,,,,17639.0,5944.0,,,876138.0,125704115.0,,,88000.0,1094815.0,440514984.0,0.0,,,,,,,,,,,,,,,,321493.0,,127223444.0,,2407617937.0,96781.0,2280394493.0,2127000000.0,,114400000.0,,,,,0.0,,,,,505259352.0,3.84,,,3.06,,,74156.0,,4493649.0,,,,,,,5000.0,2280394493.0,,,,,889772.0,,243499.0,,509753001.0,,,,,,68810885.0,131492308.0,,,
2015-09-30,2015-11-06,10-Q,"United States Oil Fund, LP",USO,CIK0001327068,USD,,,,588827.0,2845896.0,2499609295.0,342882833.0,2138237403.0,,,,197961.0,,,,,,17611.0,5519.0,,,978952.0,16079503.0,,,87000.0,1327477.0,-693928121.0,0.0,,,,,,,,,,,,,,,,431012.0,,17957188.0,,2499609295.0,94863.0,2481652107.0,2127000000.0,,170300000.0,,,,,13866.0,,,,,-677004421.0,-4.12,,,-5.36,,,75988.0,,4671346.0,,,,,,,3000.0,2481652107.0,,,,,807914.0,,245263.0,,-672333075.0,,,-1458.0,,,21060881.0,164201087.0,,,
2015-12-31,2016-02-26,10-K,"United States Oil Fund, LP",USO,CIK0001327068,USD,,0.0,,1205862.0,11638694.0,3177728808.0,551734919.0,2725177054.0,1586105518.0,,,260961.0,,,,,,75426.0,8930.0,,0.0,1179092.0,,,,348000.0,5196820.0,-1300519431.0,0.0,,2000.0,,0.0,0.0,,3836.0,21083.0,276673230.0,0.0,,,187300.0,726055.0,,1692164.0,,55659055.0,,3177728808.0,387957.0,3122069753.0,2127000000.0,,283200000.0,,,,,42863.0,3179665743.0,3179665743.0,-1593560225.0,-1593560225.0,-2128390528.0,-7.93,,,-12.68,,,298255.0,,24951589.0,,,,1400000.0,,,5000.0,3122069753.0,9173312546.0,6040509746.0,573900000.0,354100000.0,726055.0,9185457218.0,1345741.0,,-2103438939.0,,,-1458.0,,29109870.0,29109870.0,162412877.0,,,
2016-03-31,2016-05-04,10-Q,"United States Oil Fund, LP",USO,CIK0001327068,USD,,90500.0,,1222117.0,3919330.0,3584243336.0,463956958.0,3215581885.0,490404831.0,,,293961.0,,,,,,348412.0,126349.0,,,1478531.0,,,,85000.0,2229168.0,-215557610.0,0.0,,-1000.0,,90500.0,,,117419.0,-42863.0,-87777961.0,,,,33000.0,738729.0,,1745263.0,,71366605.0,,3584243336.0,130644.0,3512876731.0,3127000000.0,,360500000.0,,,,,0.0,623720986.0,623720986.0,-133316155.0,-133316155.0,-178972992.0,-0.48,,,-1.28,,,87551.0,,7120977.0,,,,,,,4000.0,3512876731.0,1538268122.0,968488152.0,177000000.0,99700000.0,1464784.0,1576853032.0,673315.0,,-171852015.0,,,,,41526920.0,41526920.0,374947253.0,,,
2016-06-30,2016-08-05,10-Q,"United States Oil Fund, LP",USO,CIK0001327068,USD,,54750.0,,576161.0,3924293.0,3416781831.0,624604749.0,2927979139.0,,,,235961.0,,,,,,572471.0,186927.0,,,1245395.0,,,,69000.0,1603540.0,719826560.0,0.0,,,,,,,,,,,,,,,,2323518.0,,48454419.0,,3416781831.0,130810.0,3368327412.0,3127000000.0,,291400000.0,,,,,0.0,,,,,641426881.0,2.03,,,1.82,,,94090.0,,6509218.0,,,,,,,7000.0,3368327412.0,,,,,1452476.0,,673118.0,,647936099.0,,,,,,-74855450.0,316056044.0,,,
2016-09-30,2016-11-07,10-Q,"United States Oil Fund, LP",USO,CIK0001327068,USD,,15931.0,,1211749.0,3619261.0,3480832573.0,239891625.0,3107848328.0,,,,235961.0,,,,,,560858.0,175795.0,,64960641.0,1153658.0,,,,82000.0,1544097.0,-384554840.0,0.0,,,,,,,,,,,,,,,,2300456.0,,83811663.0,,3480832573.0,120642.0,3397020910.0,3127000000.0,,308700000.0,,,,,0.0,,,,,-84354861.0,-0.28,,,-0.56,,,95863.0,,6111165.0,,,,,,,5000.0,3397020910.0,,,,,1364654.0,,643479.0,,-78243696.0,,,0.0,,,303367830.0,303886957.0,,,
2016-12-31,2017-02-24,10-K,"United States Oil Fund, LP",USO,CIK0001327068,USD,,0.0,,1829494.0,15146837.0,3283178094.0,249864944.0,2920517807.0,-106529222.0,3170382751.0,,235961.0,,,,,,2090136.0,222951.0,,110778928.0,1256212.0,,,,343000.0,6875314.0,431308189.0,0.0,,0.0,,,0.0,,214021.0,-16747.0,-301869975.0,0.0,,,-25000.0,550777.0,,8864931.0,0.0,181221425.0,,3283178094.0,504895.0,3101956669.0,3127000000.0,,265000000.0,,,,15146837.0,26116.0,-633992870.0,-633992870.0,527463648.0,829333623.0,955006592.0,2.07,,,1.4,,,373311.0,,31991376.0,,,,2200000.0,,,5000.0,3101956669.0,4450820824.0,5137486718.0,456900000.0,475100000.0,1276832.0,4489405734.0,2626030.0,343000.0,986997968.0,,,14302.0,,249798620.0,249798620.0,322665574.0,,,
2017-03-31,2017-05-05,10-Q,"United States Oil Fund, LP",USO,CIK0001327068,USD,,82126.0,,1098144.0,3226589.0,3003018085.0,205001922.0,2781662080.0,-183718749.0,,,187961.0,,,,,,858889.0,278618.0,,0.0,1070065.0,,,,69350.0,1161407.0,-155270440.0,0.0,,,,82126.0,0.0,,55667.0,-26116.0,-44863022.0,,,,-48000.0,-85913.0,,2940939.0,,2453395.0,,3003018085.0,107553.0,3000564690.0,3127000000.0,,282500000.0,,,,,0.0,84819537.0,84819537.0,-268538286.0,-223675264.0,-253155304.0,-0.97,,,-1.09,,,90610.0,,5262552.0,,,,,,,3350.0,3000564690.0,1084753021.0,932989696.0,101500000.0,84000000.0,1190919.0,1084753021.0,590480.0,,-247892752.0,,,,,-96491490.0,-96491490.0,261642222.0,,,
2017-06-30,2017-08-07,10-Q,"United States Oil Fund, LP",USO,CIK0001327068,USD,,46375.0,,1023620.0,3231514.0,3276918477.0,453625077.0,2828070191.0,,,,187961.0,,,,,,1035939.0,324683.0,,0.0,979185.0,,,,88650.0,1365114.0,-237461770.0,0.0,,,,,,,,,,,,,,,,4094212.0,,107948906.0,,3276918477.0,107717.0,3168969571.0,3127000000.0,,334800000.0,,,,3231514.0,0.0,,,,,-258773151.0,-0.9,,,-1.15,,,89727.0,,5476212.0,,,,,,,3000.0,3168969571.0,,,,,1104051.0,,595272.0,88650.0,-253296939.0,,,,,,-21053970.0,287768132.0,,,
2017-09-30,2017-11-06,10-Q,"United States Oil Fund, LP",USO,CIK0001327068,USD,,11035.0,,1154777.0,2943845.0,2364179820.0,154585900.0,2052310579.0,,,,187961.0,,,,,,988616.0,265315.0,,53119135.0,906095.0,,,,110000.0,1248593.0,135353709.0,0.0,,,,,,,,,,,,,,,,5365328.0,58562.0,55457633.0,,2364179820.0,98128.0,2308722187.0,3127000000.0,,221100000.0,,,,2943845.0,0.0,,,,,265809881.0,1.0,,,0.97,,,90856.0,,4805332.0,,,,,,,2000.0,2308722187.0,,,,,1016229.0,,336088.0,110000.0,270615213.0,,,,,,128797560.0,264872826.0,,,
2017-12-31,2018-02-28,10-K,"United States Oil Fund, LP",USO,CIK0001327068,USD,,0.0,,2058723.0,11901563.0,2148805465.0,144626242.0,1846630713.0,-1179125796.0,1991256955.0,-1179125796.0,187961.0,,,,75000.0,,3417005.0,154339.0,,57283329.0,799622.0,,,,360000.0,4675687.0,70673279.0,0.0,,,,-1590.0,32182.0,,-68612.0,-4328.0,-105238702.0,,,,-48000.0,-348425.0,,18149989.0,32182.0,129274055.0,,2148805465.0,396719.0,2019531410.0,3127000000.0,,167200000.0,,,,11901563.0,21788.0,-1198145169.0,,19019373.0,,404063368.0,0.31,,,2.01,,,357844.0,,24691236.0,,,,2200000.0,,,2000.0,2019531410.0,4177335976.0,5338733632.0,410300000.0,508100000.0,928407.0,4138684744.0,2437428.0,360000.0,428754604.0,,,0.0,,6489790.0,6489790.0,253222466.0,,,
2018-03-31,2018-05-10,10-Q,"United States Oil Fund, LP",USO,CIK0001327068,USD,,,,1849679.0,2187506.0,1883757752.0,144417387.0,1594388740.0,-252450828.0,,,137961.0,,,,75000.0,,283406.0,88895.0,,38501509.0,584355.0,,,,115000.0,694480.0,183289170.0,0.0,,,,0.0,43893.0,,-65444.0,25899.0,,,,,-50000.0,-81465.0,,6294976.0,76075.0,41186140.0,,1883757752.0,72917.0,1842571612.0,3127000000.0,,140700000.0,,,,2187506.0,47687.0,-419675380.0,,167224552.0,,170897874.0,1.09,,,1.02,,,75556.0,,3620608.0,,,,,,,2000.0,1842571612.0,1085854618.0,1433712290.0,86800000.0,113300000.0,846942.0,1082884417.0,508685.0,115000.0,174518482.0,,,,,-15464070.0,-15464070.0,156170000.0,,,
2018-06-30,2018-08-08,10-Q,"United States Oil Fund, LP",USO,CIK0001327068,USD,,51967.0,,1296869.0,,2042621831.0,124439236.0,1713363666.0,,1837802902.0,,137961.0,,,,,,487147.0,239712.0,,176491054.0,674534.0,,,,,652149.0,147388830.0,0.0,,,,,,,,,,,,,,,,7348066.0,52526.0,231094203.0,,2042621831.0,,1811527628.0,3127000000.0,,120600000.0,,,,2121257.0,0.0,,,,,253227806.0,1.83,,,1.92,,,80087.0,,3391637.0,,,,,,,3000.0,1811527628.0,,,,,841044.0,,461537.0,81000.0,256619443.0,,,,,,101314400.0,138279121.0,,,
2018-09-30,2018-11-08,10-Q,"United States Oil Fund, LP",USO,CIK0001327068,USD,,,,1595608.0,,1758301820.0,135097595.0,1488417608.0,,1623515203.0,,137961.0,,,,,,723714.0,187264.0,,0.0,490265.0,,,,,570108.0,120333820.0,0.0,,,,,,,,,,,,,,,,7988050.0,38508.0,2392679.0,,1758301820.0,,1755909141.0,3127000000.0,,113500000.0,,,,1984921.0,111006.0,,,,,48484300.0,0.4,,,0.45,,,80559.0,,3117304.0,,,,,,,1000.0,1755909141.0,,,,,835080.0,,409589.0,77000.0,51601604.0,,,,,,-77520980.0,121141304.0,,,
2018-12-31,2019-02-25,10-K,"United States Oil Fund, LP",USO,CIK0001327068,USD,,,31698.0,1741281.0,,1485351347.0,433776173.0,1223159803.0,-334320979.0,1656935976.0,-334320979.0,89961.0,,,,75000.0,,2213034.0,144034.0,,0.0,583978.0,,0.0,0.0,,2538611.0,1603334.0,0.0,,,,5114.0,-3152.0,,-10305.0,-10539.0,,,,,-98000.0,-349290.0,,29889589.0,29030.0,16889635.0,,1485351347.0,,1468461712.0,3127000000.0,,153200000.0,,,,8147165.0,42947.0,-297635948.0,,-36685031.0,,-1055159270.0,-17.01,,,-25.83,,,316185.0,,16194899.0,,-194392958.0,,1500000.0,,,2000.0,1468461712.0,3972118855.0,4231913908.0,38437500.0,40187500.0,579117.0,3988747637.0,1539401.0,358000.0,-1038964371.0,,,-3070.0,,-312173308.0,-312173308.0,17125822.0,,,
2019-03-31,2019-05-09,10-Q,"United States Oil Fund, LP",USO,CIK0001327068,USD,,,,933788.0,,1616523460.0,169466759.0,1363074393.0,-124394824.0,1532541152.0,-124394824.0,89961.0,,,,75000.0,,1706643.0,508059.0,,61251648.0,456111.0,,,,,697934.0,137007682.0,0.0,,,458.0,-31698.0,-26712.0,,364025.0,34478.0,,,,,0.0,-127886.0,,7867450.0,2318.0,62828624.0,,1616523460.0,,1553694836.0,3127000000.0,,124300000.0,,,,1803427.0,45727.0,-328019924.0,,203625100.0,,420897668.0,23.67,,,23.31,,,81721.0,,3171765.0,,,,,,,0.0,1553694836.0,669584243.0,1005248787.0,59700000.0,88600000.0,451231.0,691606693.0,400683.0,74000.0,424069433.0,,,,,277413658.0,277413658.0,17781250.0,,,
2019-06-30,2019-08-08,10-Q,"United States Oil Fund, LP",USO,CIK0001327068,USD,,,76169.0,826724.0,,1639479726.0,,1337255138.0,,1485994667.0,,89961.0,,,,,,961575.0,195712.0,,131064529.0,526980.0,,0.0,0.0,,581879.0,-67581780.0,0.0,,,,,,,,,,,,,,,,7979767.0,19303.0,177446617.0,,1639479726.0,,1462033109.0,3127000000.0,,120500000.0,,,,1666525.0,0.0,,,,,-25593536.0,-1.71,,,-2.93,,,71055.0,,2930288.0,,,,,,,3000.0,1462033109.0,,,8287500.0,8762500.0,301089.0,,405136.0,80000.0,-22663248.0,,,,,,35897190.0,14930632.0,,,
2019-09-30,2019-11-08,10-Q,"United States Oil Fund, LP",USO,CIK0001327068,USD,,,79410.0,1139290.0,,1429807641.0,,1325617585.0,,1495037213.0,,89961.0,,,,,,219697.0,60237.0,,,510711.0,,0.0,0.0,,616021.0,97326744.0,0.0,,,,,,,,,,,,,,,,7510292.0,32281.0,45816024.0,,1429807641.0,,1383991617.0,3227000000.0,,122700000.0,,,,1550198.0,43060.0,,,,,-83218477.0,-5.71,,,-6.83,,,89972.0,,2777247.0,,,,,,,2000.0,1383991617.0,,,12762500.0,12487500.0,149298.0,,317592.0,93000.0,-80441230.0,,,7667.0,,,-185598630.0,14575272.0,,,
2019-12-31,2020-02-21,10-K,"United States Oil Fund, LP",USO,CIK0001327068,USD,,,39269.0,1453996.0,,1213915570.0,,1026973397.0,,1176245411.0,-480690565.0,89961.0,,,,75000.0,,2957196.0,5883.0,,8820649.0,467894.0,,0.0,0.0,,2423017.0,220179889.0,0.0,0.0,,,7571.0,-831.0,,-138151.0,,,,,,0.0,-504876.0,,29461116.0,28199.0,42939312.0,,1213915570.0,,1170976258.0,3227000000.0,,11450000.0,,,,6461273.0,43388.0,-731272883.0,,250582318.0,,634825753.0,31.24,,,37.62,,,333741.0,,13879260.0,,37520567.0,,1440997.0,,,2000.0,1170976258.0,3196742422.0,3967683580.0,34137500.0,41837500.0,74241.0,3218764872.0,1440997.0,312000.0,648705013.0,,,11258.0,,231913525.0,231913525.0,15155959.0,11258.0,,
2020-03-31,2020-05-08,10-Q,"United States Oil Fund, LP",USO,CIK0001327068,USD,,,155971.0,781793.0,,2532942615.0,,1305680808.0,,2985000530.0,1808755119.0,59961.0,33.94,74575000.0,74575000.0,75000.0,,857667.0,240071.0,,0.0,629309.0,,,,,973154.0,-688521703.0,0.0,0.0,,0.0,116702.0,-14782.0,,234188.0,,,,,,-30000.0,851162.0,,4543179.0,13417.0,1563849.0,,2532942615.0,,2531378766.0,4627000000.0,,74575000.0,,,,1659435.0,46359.0,2505638920.0,,-696883801.0,,-1617373490.0,-72.71,,,-68.33,,,93112.0,,3338866.0,,-893508200.0,,,,,2000.0,2531378766.0,3635036787.0,657260789.0,71637500.0,8512500.0,925403.0,3194923364.0,290136.0,115000.0,-1614034624.0,,,,,-931028767.0,-931028767.0,22243544.0,,,
2020-06-30,2020-08-07,10-Q,"United States Oil Fund, LP",USO,CIK0001327068,USD,,,117083.0,641568.0,,4721706138.0,,1470774756.0,,3573055087.0,,224961.0,16.35,185362500.0,185362500.0,,,689654.0,165220.0,,0.0,1818718.0,,,,,3706371.0,-2958778455.0,0.0,,,,,,,,,,,,,,,,2462398.0,59780.0,50555273.0,,4721706138.0,,4671150865.0,5627000000.0,,166723603.0,,,,4632495.0,56577.0,,,,,-927063161.0,-5.7,,,-5.92,,,101092.0,,10338213.0,,1145323709.0,,,,,0.0,4671150865.0,3889719001.0,822883741.0,118525000.0,26376397.0,2981908.0,,532839.0,69546.0,-916724948.0,,,,,,2038831909.0,162504650.0,,,
2020-09-30,2020-11-06,10-Q,"United States Oil Fund, LP",USO,CIK0001327068,USD,,,77767.0,1274927.0,,4086240744.0,,2123627473.0,,3987069756.0,,297119.0,16.35,185362500.0,185362500.0,,,383360.0,28665.0,,0.0,1535481.0,,,,,783270.0,1138807507.0,0.0,,,,,,,,,,,,,,,,1020740.0,145261.0,34693680.0,,4086240744.0,,4051547064.0,5627000000.0,,142223603.0,,,,4893531.0,57567.0,,,,,83890552.0,0.57,,,0.47,,,101486.0,,7746606.0,,96694260.0,,,,,2351.0,4051547064.0,,,15100000.0,39600000.0,2222684.0,,1045976.0,55000.0,91637158.0,,,,,,-1048629449.0,147624690.0,,,
2020-12-31,2021-02-26,10-K,"United States Oil Fund, LP",USO,CIK0001327068,USD,,,38452.0,1903173.0,,3712147230.0,,2585466700.0,,3309238139.0,2132992728.0,323858.0,,,,,,1949571.0,3683.0,,23667355.0,1407565.0,,,,,6104865.0,-2251576260.0,0.0,0.0,,,-817.0,132758.0,,-2200.0,,,,,,233897.0,1185800.0,,8528581.0,160957.0,86929484.0,,3712147230.0,,3625217746.0,5627000000.0,,109623603.0,,,,15388313.0,52049.0,4386805233.0,,-2253812505.0,,-1349817059.0,-16.61,,,-64.62,,,391372.0,,35169131.0,,401443958.0,,2200000.0,,,2000.0,3625217746.0,,,207062500.0,108888897.0,1260041.0,8030979653.0,2694975.0,289546.0,-1314647928.0,,,,,363923391.0,363923391.0,114667411.0,0.0,,
2021-03-31,2021-05-07,10-Q,"United States Oil Fund, LP",USO,CIK0001327068,USD,,,635944.0,1030510.0,,3152964544.0,,2279197828.0,,2786091523.0,-523146616.0,235275.0,16.35,185362500.0,185362500.0,,,82475.0,49661.0,,93878539.0,1274542.0,,,,,304679.0,775473170.0,0.0,0.0,,,597492.0,-103022.0,,45978.0,,,,,,-88583.0,-945000.0,,306332.0,57935.0,210791439.0,,3152964544.0,,2942173105.0,5627000000.0,,72823603.0,,,,3813588.0,47465.0,-1362132122.0,,838985506.0,,721469107.0,8.15,,,7.33,,,102168.0,,6444629.0,,,,,,,2000.0,2942173105.0,,,3700000.0,40500000.0,315041.0,133157742.0,1152074.0,65000.0,727913736.0,,,,,-48013241.0,-48013241.0,88481381.0,,,
2021-06-30,2021-08-06,10-Q,"United States Oil Fund, LP",USO,CIK0001327068,USD,,,473385.0,1597696.0,,3239278986.0,,2029621313.0,,2762908222.0,,274805.0,16.35,185362500.0,185362500.0,,,126472.0,39245.0,,162676508.0,1156690.0,,,,,350906.0,538294832.0,0.0,,,,,,,,,,,,,,,,199631.0,73250.0,165896676.0,,3239278986.0,,3073382310.0,5627000000.0,,61623603.0,,,,3451899.0,46748.0,,,,,654237493.0,9.56,,,9.47,,,214176.0,,6768609.0,,,,,,,0.0,3073382310.0,221563337.0,744591625.0,5100000.0,16300000.0,0.0,,2321524.0,31000.0,661006102.0,,,,,,122354167.0,68423603.0,,,
2021-09-30,2021-11-05,10-Q,"United States Oil Fund, LP",USO,CIK0001327068,USD,,,309040.0,2087175.0,,2733962894.0,,1769454915.0,,2406025750.0,,237911.0,16.35,185362500.0,185362500.0,,,113383.0,34533.0,,91750633.0,967321.0,,,,,245933.0,288200922.0,0.0,,,,,,,,,,,,,,,,195291.0,60318.0,121489075.0,,2733962894.0,,2612473819.0,5627000000.0,,49623603.0,,,,3142605.0,46432.0,,,,,134666389.0,2.39,,,2.78,,,215809.0,,5628576.0,,,,,,,0.0,2612473819.0,,,6200000.0,18200000.0,0.0,,1919476.0,37000.0,140294965.0,,,,,,-148251631.0,56448603.0,,,
2021-12-31,2022-02-25,10-K,"United States Oil Fund, LP",USO,CIK0001327068,USD,,,144695.0,3616000.0,,2379087571.0,,1565100289.0,,2264418396.0,-1044819743.0,200588.0,,,,,,431883.0,33715.0,,0.0,938440.0,,,,,1123971.0,1911763583.0,0.0,0.0,,,106243.0,-107416.0,,30032.0,,,,,,-123270.0,-1260041.0,,869933.0,53541.0,4928305.0,,2379087571.0,,2374159266.0,5627000000.0,,43823603.0,,,,13383302.0,44337.0,-2912738545.0,,1867918802.0,,1694175499.0,24.54,,,22.64,,,745448.0,,29065028.0,,,,6800000.0,,,0.0,2374159266.0,,,26000000.0,91800000.0,0.0,1239249023.0,6994549.0,169000.0,1723240527.0,,,,,-287006734.0,-287006734.0,65289630.0,0.0,32136.0,2500000.0
