end,filed,form,Name,Ticker,CIK,Currency,AccountsPayableAndAccruedLiabilitiesCurrent,AccountsPayableCurrent,AccountsPayableRelatedPartiesCurrent,AccountsReceivableNet,AccountsReceivableNetCurrent,AccretionAmortizationOfDiscountsAndPremiumsInvestments,AccruedLiabilitiesCurrent,AccruedProfessionalFeesCurrent,AccumulatedDepreciationDepletionAndAmortizationPropertyPlantAndEquipmentPeriodIncreaseDecrease,AdditionalPaidInCapital,AdditionalPaidInCapitalCommonStock,AdjustmentForAmortization,AdjustmentsToAdditionalPaidInCapitalConvertibleDebtWithConversionFeature,AdvertisingExpense,AllowanceForDoubtfulAccountsReceivableCurrent,AllowanceForLoanAndLeaseLossRecoveryOfBadDebts,AmortizationOfDebtDiscountPremium,AmortizationOfFinancingCosts,AmortizationOfIntangibleAssets,Assets,AssetsCurrent,AssetsNoncurrent,BorrowedFunds,Cash,CashAndCashEquivalentsAtCarryingValue,CashAndCashEquivalentsPeriodIncreaseDecrease,CashCashEquivalentsRestrictedCashAndRestrictedCashEquivalentsPeriodIncreaseDecreaseIncludingExchangeRateEffect,CashEquivalentsAtCarryingValue,CashPeriodIncreaseDecrease,ClearanceFees,CommonStockParOrStatedValuePerShare,CommonStockSharesAuthorized,CommonStockSharesIssued,CommonStockSharesOutstanding,CommonStockSharesSubscriptions,CommonStockValue,ConversionOfStockAmountIssued1,CostOfGoodsSold,CostOfRevenue,DebtConversionConvertedInstrumentAmount1,DebtConversionOriginalDebtAmount1,DebtInstrumentCollateralFee,DebtInstrumentFaceAmount,DebtInstrumentInterestRateStatedPercentage,DebtInstrumentUnamortizedDiscount,DebtInstrumentUnamortizedDiscountCurrent,DeferredTaxAssetsNet,DeferredTaxAssetsOperatingLossCarryforwards,DeferredTaxAssetsValuationAllowance,DepositAssets,DepreciationAmortizationAndAccretionNet,DepreciationAndAmortization,DevelopmentStageEnterpriseDeficitAccumulatedDuringDevelopmentStage,DistributedEarnings,DueToRelatedPartiesCurrent,DueToRelatedPartiesNoncurrent,EarningsPerShareBasic,EarningsPerShareBasicAndDiluted,EarningsPerShareDiluted,EffectiveIncomeTaxRateContinuingOperations,EffectiveIncomeTaxRateReconciliationAtFederalStatutoryIncomeTaxRate,EffectiveIncomeTaxRateReconciliationChangeInDeferredTaxAssetsValuationAllowance,FiniteLivedIntangibleAssetsNet,FurnitureAndFixturesGross,GeneralAndAdministrativeExpense,Goodwill,GoodwillAndIntangibleAssetImpairment,GoodwillImpairmentLoss,GrossProfit,IncomeLossFromContinuingOperations,IncomeLossFromContinuingOperationsBeforeIncomeTaxesDomestic,IncomeTaxExpenseBenefit,IncomeTaxesPaid,IncomeTaxesPaidNet,IncreaseDecreaseInAccountsAndOtherReceivables,IncreaseDecreaseInAccountsPayable,IncreaseDecreaseInAccountsPayableAndAccruedLiabilities,IncreaseDecreaseInAccountsReceivableRelatedParties,IncreaseDecreaseInAccruedLiabilities,IncreaseDecreaseInDeferredCompensation,IncreaseDecreaseInDeposits,IncreaseDecreaseInInterestPayableNet,IncreaseDecreaseInInventories,IncreaseDecreaseInNotesPayableRelatedParties,IncreaseDecreaseInNotesReceivableRelatedParties,IncreaseDecreaseInOtherDeposits,IncreaseDecreaseInPrepaidExpense,IntangibleAssetsNetExcludingGoodwill,InterestAndDebtExpense,InterestExpense,InterestPaid,InterestPaidNet,InterestPayableCurrent,InventoryNet,InvestmentIncomeInterest,IssuanceOfStockAndWarrantsForServicesOrClaims,LeaseAndRentalExpense,LegalFees,Liabilities,LiabilitiesAndStockholdersEquity,LiabilitiesCurrent,LiabilitiesNoncurrent,LongTermLoansPayable,MachineryAndEquipmentGross,MarketingAndAdvertisingExpense,NetCashProvidedByUsedInFinancingActivities,NetCashProvidedByUsedInFinancingActivitiesContinuingOperations,NetCashProvidedByUsedInInvestingActivities,NetCashProvidedByUsedInOperatingActivities,NetCashProvidedByUsedInOperatingActivitiesContinuingOperations,NetIncomeLoss,NonoperatingIncomeExpense,NotesAndLoansPayableCurrent,NotesAndLoansReceivableNetCurrent,NotesPayable,NotesPayableCurrent,NotesPayableRelatedPartiesClassifiedCurrent,NotesPayableRelatedPartiesNoncurrent,OperatingExpenses,OperatingIncomeLoss,OperatingLeasesFutureMinimumPaymentsDue,OperatingLeasesFutureMinimumPaymentsDueCurrent,OperatingLeasesFutureMinimumPaymentsDueInFiveYears,OperatingLeasesFutureMinimumPaymentsDueInFourYears,OperatingLeasesFutureMinimumPaymentsDueInThreeYears,OperatingLeasesFutureMinimumPaymentsDueInTwoYears,OperatingLossCarryforwards,OperatingLossCarryforwardsValuationAllowance,OtherAssets,OtherExpenses,OtherGeneralAndAdministrativeExpense,OtherIncome,OtherNonoperatingIncomeExpense,OtherNotesPayable,OtherOperatingIncome,PaymentsForPurchaseOfOtherAssets1,PaymentsToAcquireFurnitureAndFixtures,PaymentsToAcquireMachineryAndEquipment,PrepaidExpenseCurrent,ProceedsFromCollectionOfLoansReceivable,ProceedsFromContributedCapital,ProceedsFromIssuanceOfCommonStock,ProceedsFromIssuanceOrSaleOfEquity,ProceedsFromLoans,ProceedsFromNotesPayable,ProceedsFromPaymentsForLongTermLoansForRelatedParties,ProceedsFromRelatedPartyDebt,ProceedsFromRepaymentsOfRelatedPartyDebt,ProceedsFromSaleOfMachineryAndEquipment,ProceedsFromShortTermDebt,ProceedsFromStockOptionsExercised,ProfessionalFees,ProfitLoss,RepaymentsOfLongtermLoansFromVendors,RepaymentsOfOtherDebt,RepaymentsOfRelatedPartyDebt,ResearchAndDevelopmentExpense,RetainedEarningsAccumulatedDeficit,RetainedEarningsAppropriated,Revenues,SalesRevenueGoodsNet,SharesIssued,SharesIssuedPricePerShare,StockholdersEquity,StockholdersEquityNoteSubscriptionsReceivable,StockIssued1,StockIssuedDuringPeriodSharesIssuedForCash,StockIssuedDuringPeriodSharesNewIssues,StockIssuedDuringPeriodSharesOther,StockIssuedDuringPeriodValueAcquisitions,StockIssuedDuringPeriodValueConversionOfConvertibleSecurities,StockIssuedDuringPeriodValueIssuedForServices,StockIssuedDuringPeriodValueNewIssues,StockIssuedDuringPeriodValueOther,StockIssuedDuringPeriodValuePurchaseOfAssets,StockOptionPlanExpense,StockRedeemedOrCalledDuringPeriodValue,WeightedAverageLimitedPartnershipUnitsOutstandingDiluted,WeightedAverageNumberDilutedSharesOutstandingAdjustment,WeightedAverageNumberOfDilutedSharesOutstanding,WeightedAverageNumberOfShareOutstandingBasicAndDiluted,WeightedAverageNumberOfSharesIssuedBasic,WeightedAverageNumberOfSharesOutstandingBasic
2009-12-31,2010-03-30,10-K,"Black Bird Biotech, Inc.",BBBT,CIK0001409999,USD,,,,,,,,,,,,,,,,,,,,,,,,21561.0,21561.0,,,,,,,,,,,,,,,,,,,,,,,,,,,,,,,,,,,,,,,,,,,,,,,,,,,,,,,,,,,,,,,,,,,,,,,,,,,,,,,,,,,,,,,,,,,,,,,,,,,,,,,,,,,,,,,,,,,,,,,,,,,,,,,,,,,,,,,,,,,26561.0,,,,,,,,,,,,,,,,,,,
2010-09-30,2010-11-15,10-Q,"Black Bird Biotech, Inc.",BBBT,CIK0001409999,USD,,,,,,,,,,,,,,55000.0,,,,,,,,,,,204324.0,,,,,,,,,,,,,76454.0,,,,,,,,,,,,,,,,,,,,0.0,,,,,,,109958.0,,,,23546.0,,,,,,,,,,,,,,,,,,,,,6639.0,,,,,711.0,,,,,,,,,,,,,,,,-92340.0,-5928.0,,,,,,,,-86412.0,,,,,,,,,,,4603.0,,,,,,,,,,,,,,,,,,,,,6815.0,,,,,,,,,100000.0,,,,,,,,,,,,,,,,,,,,,,
2010-12-31,2011-04-14,10-K,"Black Bird Biotech, Inc.",BBBT,CIK0001409999,USD,,16920.0,,,,,,,,8281164.0,,,,77383.0,,,,,,503804.0,498804.0,,,196676.0,196676.0,,,,175115.0,,0.001,225000000.0,86402665.0,86402665.0,,86403.0,,653362.0,,,,,,,,,,,,,,,8500349.0,,,,,0.1,,,,,,,8295279.0,5000.0,,,38238.0,,,,,,,,-83080.0,,,,-269128.0,,,-33000.0,,,,,,16051.0,,,,,782.0,11467.0,,,636586.0,503804.0,,,619666.0,,,806133.0,,100000.0,-731018.0,,-8272310.0,-15269.0,,33000.0,,,,,,-8257041.0,,,,,,,,,,,14533.0,,,,,,,,269128.0,619666.0,75000.0,,,,,,,,,,100000.0,67726.0,-8272310.0,,,,,,,,691600.0,,,-132782.0,,,,,,,100000.0,,,,8030492.0,,0.0,,,,,,
2011-03-31,2011-05-13,10-Q,"Black Bird Biotech, Inc.",BBBT,CIK0001409999,USD,,,,,,,,,,,,,,60840.0,,,,,,,,,,,77616.0,,,,-119060.0,,,,,,,,,787690.0,,,,,,,,,,,,,,,,,,,,0.0,,,,,,,116958.0,,5000.0,,62790.0,,,,,,,,8787.0,,,,252448.0,,,,,,,,,4563.0,,,,,2.0,,,,,,,,,,,-326566.0,,5000.0,202506.0,,-58729.0,-4561.0,,,,,,,,-54168.0,,,,,,,,,,,23556.0,,,,,,,,,,,,,,,,,33000.0,,,,6312.0,,,319666.0,,,,,850480.0,,,,,,,,,,,,,,,,,,,,,,,
2011-06-30,2011-08-15,10-Q,"Black Bird Biotech, Inc.",BBBT,CIK0001409999,USD,,25036.0,,,,,,,,8281164.0,,,,0.0,,,,,,90148.0,45148.0,,,28468.0,28468.0,,,,,,0.001,225000000.0,86402665.0,86402665.0,,86403.0,,66300.0,,,,,,,,,,,,,,,8602455.0,,,,,0.0,,,,,,,44770.0,0.0,,,5102.0,,,,,,,,,,,,,,,,,,,,,3709.0,,,,,0.0,,,,325036.0,90148.0,,,300000.0,,,,,,,,-43377.0,-3709.0,,0.0,,,,,,-39668.0,,,,,,,,,,,12385.0,,,,,,,,16680.0,,,,,,,,,,,,,9885.0,,,,,,,,71402.0,71402.0,,,-234888.0,,,,,,,,,,,,,,,,,,,
2011-09-30,2011-11-14,10-Q,"Black Bird Biotech, Inc.",BBBT,CIK0001409999,USD,,32601.0,,,,,,,,8281164.0,,,,0.0,,,,,,80088.0,65088.0,,,48408.0,48408.0,,,,,0.0,0.001,225000000.0,86402665.0,86402665.0,,86403.0,,180000.0,,,,,,,,,,,,,,,8620080.0,,,,,0.0,,,,,,,28875.0,0.0,,,15002.0,,,,,,,,,,,,,,,,,,,,,3751.0,,,,,0.0,,,,332601.0,80088.0,,,300000.0,,,,,,,,-17624.0,-3751.0,,0.0,,,,,,-13873.0,,,,,,,,,,,10570.0,,,,,,,,16680.0,,,,,,,,,,,,,10805.0,,,,,,,,195002.0,195002.0,,,-252513.0,,,,,,,,,,,,,,,,,86402665.0,,
2011-12-31,2012-03-29,10-K,"Black Bird Biotech, Inc.",BBBT,CIK0001409999,USD,,42772.0,,,,,,,,7488946.0,,,,61235.0,,,,,,49831.0,49831.0,,300000.0,49831.0,49831.0,,,,-146845.0,,0.001,225000000.0,85970665.0,85970665.0,,85971.0,,1033990.0,,,,,,,,,,160159.0,-160159.0,,,,7867858.0,,,,,0.0,,,,,,,227286.0,,,5000.0,82890.0,,,,,,,25852.0,25852.0,,,,269128.0,,,300000.0,,,,,,15772.0,,,,,9.0,,,,342772.0,49831.0,,,300000.0,,,-319666.0,,5000.0,172821.0,,-160159.0,-15763.0,,,,,,,243049.0,-160159.0,,,,,,,,,,,71456.0,,,,,,,,,-319666.0,,,,,,,,,,,,28237.0,,,319666.0,,,,,1116880.0,1116880.0,,,-292941.0,,,,,,,,,,,,,,,,,85970665.0,,
2012-03-31,2012-05-21,10-Q,"Black Bird Biotech, Inc.",BBBT,CIK0001409999,USD,,47175.0,,,,,,,,8281164.0,,,,,,,,,,37051.0,,,,37051.0,37051.0,,,,-12780.0,,,,,,,86403.0,,,,,,,,,,,,,,,,,8677691.0,,,,,0.0,,,,,,,13517.0,,,,,,,,,,,,4403.0,,,,,,,,,,,,,3668.0,,,,,2.0,,,,347175.0,37051.0,,,300000.0,,,,,,-12780.0,,-17183.0,-3666.0,,,,,,,,-13517.0,,,,,,,,,,,11437.0,,,,,,,,,,,,,,,,,,,,,2080.0,,,,,,,,,,,,-310124.0,,,,,,,,,,,,,,,,,85970665.0,,
2012-06-30,2012-08-14,10-Q,"Black Bird Biotech, Inc.",BBBT,CIK0001409999,USD,,41614.0,,,,,,,,8281164.0,,,,,,,,,,13434.0,,,300000.0,13434.0,13434.0,,,,,,0.001,225000000.0,86402665.0,86402665.0,,86403.0,,,,,,,,,,,,,,,,,8695747.0,,,,,0.0,,,,,,,14350.0,,,,,-18057.0,,,,,,,,,,,,,,,,,,,,3709.0,,,,,2.0,,,,341614.0,13434.0,,,300000.0,,,,,,,,-18057.0,-3707.0,,,,,,,,-14350.0,,,,,,,,,,,11140.0,,,,,,,,,,,,,,,,,,,,,3210.0,,,,,,,,,,,,-328180.0,,,,,,,,,,,,,,,,,85970665.0,,
2012-09-30,2012-11-13,10-Q,"Black Bird Biotech, Inc.",BBBT,CIK0001409999,USD,,48049.0,,,,,,,,8281164.0,,,,0.0,,,,,,15776.0,,,320000.0,15776.0,15776.0,,,,,0.0,0.001,225000000.0,86402665.0,86402665.0,,86403.0,,0.0,,,,,,,,,2639700.0,,,,,,8719840.0,,,,,0.0,,,,,,,20209.0,,,,0.0,,,,,,,,,,,,,,,,,,,,,3885.0,,,,,1.0,,,,368049.0,15776.0,,,320000.0,,,,,,,,-24093.0,-3884.0,,,,,,,,-20209.0,,,,,,,8799000.0,,,,12811.0,,,,,,,,,,,,,,,,,,,,,7398.0,,,,,,,,0.0,,,,-352273.0,,,,,,,,,,,,,,,,,85970665.0,,
2012-12-31,2013-04-15,10-K,"Black Bird Biotech, Inc.",BBBT,CIK0001409999,USD,,62121.0,,,,,,,,7488946.0,,,,,,,,,,22665.0,,,340000.0,22665.0,22665.0,,,,-27166.0,,0.001,225000000.0,85970665.0,85970665.0,,85971.0,,,,,,,,,,,0.0,86790.0,-86790.0,,,,7954373.0,,,340000.0,,0.0,,,,,,,-86515.0,,,,,,,,,,,19349.0,19349.0,,,,,,,340000.0,,,,,,,,,,,,,,,402121.0,22665.0,,,340000.0,,,40000.0,,,-67166.0,,-86515.0,,,,,,,,86515.0,86515.0,,,,,,,8519259.0,-86790.0,,,-86515.0,,,,,,,,,,,,,40000.0,40000.0,,,,,,,,,,,,,,,,,,,-379456.0,,,,,,,,,,,,,,,,,85970665.0,,
2013-03-31,2013-05-15,10-Q,"Black Bird Biotech, Inc.",BBBT,CIK0001409999,USD,,63478.0,,,,,,,,7488946.0,,,,,,,,,,4415.0,,,340000.0,4415.0,4415.0,,,,-18250.0,,0.001,225000000.0,85970665.0,85970665.0,,85971.0,,,,,,,,,,,0.0,,,,,,7973980.0,,,,,0.0,,,,,,,15358.0,,,,,,,,,,,,1357.0,,,,,,,,,,,,,4249.0,,,,,1.0,,,,403478.0,4415.0,,,340000.0,,,,,,-18250.0,,-19607.0,-4249.0,,,,,,,,-15358.0,,,,,,,8519259.0,,,,12578.0,,,,,,,,,,,,,,,,,,,,,2780.0,,,,,,,,,,,,-399063.0,,,,,,,,,,,,,,,,,85970665.0,,
2013-06-30,2013-08-14,10-Q,"Black Bird Biotech, Inc.",BBBT,CIK0001409999,USD,,63606.0,,,,,,,,7488946.0,,,,,,,,,,16382.0,,,380000.0,16382.0,16382.0,,,,,,0.001,225000000.0,85970665.0,85970665.0,,85971.0,,,,,,,,,,,0.0,,,,,,8002141.0,,,,,0.0,,,,,,,23604.0,,,,,-28161.0,,,,,,,,,,,,,,,,,,,,4557.0,,,,,1.0,,,,443606.0,16382.0,,,380000.0,,,,,,,,-28161.0,-4557.0,,,,,,,23604.0,-23604.0,,,,,,,8519259.0,,,,11899.0,,,,,,,,,,,,,,,,,,,,,11705.0,,,,,,,,,,,,-427224.0,,,,,,,,,,,,,,,,,85970665.0,,
2013-09-30,2013-11-14,10-Q,"Black Bird Biotech, Inc.",BBBT,CIK0001409999,USD,,66489.0,,,,,,,,7488946.0,,,,,,,,,,19258.0,,,400000.0,19258.0,19258.0,,,,,,0.001,225000000.0,85970665.0,85970665.0,,85971.0,,,,,,,,,,,2639700.0,,,,,,8022148.0,,,400000.0,,0.0,,,,,,,15255.0,,,,,,,,,,,,,,,,,,,,,,,,,4752.0,,,,,1.0,,,,466489.0,19258.0,,,,,,,,,,,-20007.0,-4752.0,,,,,,,15255.0,-15255.0,,,,,,,8800000.0,,,,11889.0,,,,,,,,,,,,,,,,,,,,,3366.0,,,,,,,,0.0,,,,-447231.0,,,,,,,,,,,,,,,,,85970665.0,,
2013-12-31,2014-04-09,10-K,"Black Bird Biotech, Inc.",BBBT,CIK0001409999,USD,,73631.0,,,,,,,,7488946.0,7488946.0,,,,,,,,,24184.0,,,420000.0,24184.0,0.0,,,,1519.0,,0.001,225000000.0,85970665.0,85970665.0,,85971.0,,,,,,,,,,,0.0,223342.0,,,,,8044364.0,,,420000.0,,0.0,,,,,,,-71419.0,,,,,,,,0.0,,,11510.0,11510.0,,,,0.0,,,,,,,,,18572.0,0.0,,,,,,,,493631.0,24184.0,,,,,,80000.0,80000.0,,-78481.0,-78481.0,-89991.0,18572.0,,,,,,420000.0,71419.0,-71419.0,,,,,,,656887.0,223342.0,,,-71419.0,,,,,,,,,,,,,,80000.0,,80000.0,,,,,,,,,,,-8044364.0,,,,,,-469446.0,,,,,,,,,,,,,,,0.0,,85970665.0,,
2014-03-31,2014-05-14,10-Q,"Black Bird Biotech, Inc.",BBBT,CIK0001409999,USD,,73936.0,,,,,,,,7488946.0,,,,,,,,,,17617.0,,,440000.0,17617.0,17617.0,,,,-6567.0,,0.001,225000000.0,85970665.0,85970665.0,,85971.0,,,,,,,,,,,,,,,,,8071236.0,,,440000.0,,0.0,,,,,,,21611.0,,,,,,,,0.0,,,,305.0,,,,,,,,,,,,,5261.0,0.0,,,,,,,,513936.0,17617.0,,,,,,20000.0,20000.0,,-26567.0,-26567.0,-26872.0,,,,,,,,21611.0,-21611.0,,,,,,,,,,,,,,,,,,,,,,,,,20000.0,,20000.0,,,,,,,,,,,,,,,,,-496319.0,,,,,,,,,,,,,,,,,85970665.0,,
2014-06-30,2014-08-18,10-Q,"Black Bird Biotech, Inc.",BBBT,CIK0001409999,USD,,77015.0,,,,,,,,,7488946.0,,,,,,,,,14725.0,,,,14725.0,14725.0,,,,,,0.001,225000000.0,85970665.0,85970665.0,,85971.0,,,,,,,,,,,,,,,,,,,,460000.0,,0.0,,,,,,,,,,,,,,,,,,,,,,,,,,,,,,,,5586.0,,,,,,,,,537015.0,14725.0,,,,,,,,,,,-25971.0,,,,,,,460000.0,20385.0,-20385.0,,,,,,,,,,,,,,,,,,,,,,,,,,,,,,,,,,,,,,-8097207.0,,,,,,-522290.0,,,,,,,,,,,,,,,,,85970665.0,,
2014-09-30,2014-11-14,10-Q,"Black Bird Biotech, Inc.",BBBT,CIK0001409999,USD,,84521.0,,,,,,,,,7488946.0,,,,,,,,,17657.0,,,,17657.0,17657.0,,,,,,0.001,225000000.0,85970665.0,85970665.0,,85971.0,,,,,,,,,,,,,,,,,,,,480000.0,,0.0,,,,,,,,,,,,,,,,,,,,,,,,,,,,,,,,5807.0,,,,,,,,,564521.0,17657.0,,,,,,,,,,,-24574.0,,,,,,,480000.0,18767.0,-18767.0,,,,,,,,,,,,,,,,,,,,,,,,,,,,,,,,,,,,,,-8121781.0,,,,,,-546864.0,,,,,,,,,,,,,,,,,85970665.0,,
2014-12-31,2015-03-23,10-K,"Black Bird Biotech, Inc.",BBBT,CIK0001409999,USD,91594.0,91594.0,,,,,,,,,7488946.0,,,,,,,,,22628.0,,,,22628.0,0.0,,,,-1556.0,,0.001,225000000.0,85970665.0,85970665.0,,85971.0,,,,,,,,,,,0.0,257178.0,,,,,,,,500000.0,,0.0,,,,,,,,,,,,,,,0.0,,,17963.0,17963.0,,,,0.0,,,,,,,,,22709.0,0.0,,,,,,,,591594.0,22628.0,,,,,,,80000.0,,,-81556.0,-99519.0,,,,,,,500000.0,76810.0,-76810.0,,,,,,,756406.0,257178.0,,,,,,,,,,,,,,,,,,,80000.0,,,,,,,,,,,-8143883.0,,,,,,-568966.0,,,,,,,,,,,,,,,0.0,,85970665.0,,
2015-03-31,2015-05-15,10-Q,"Black Bird Biotech, Inc.",BBBT,CIK0001409999,USD,,95485.0,,,,,,,,,7488946.0,,,,,,,,,15825.0,,,,15825.0,,,,,-6803.0,,0.001,225000000.0,85970665.0,85970665.0,,85971.0,,,,,,,,,,,,,,,,,,,,520000.0,,0.0,,,,,,,,,,,,,,,0.0,,,,3891.0,,,,,,,,,,,,,6265.0,0.0,,,,,,,,615485.0,15825.0,,,,,,,20000.0,,,-26803.0,-30694.0,,,,,,,520000.0,24429.0,-24429.0,,,,,,,,,,,,,,,,,,,,,,,,,,,20000.0,,,,,,,,,,,-8174577.0,,,,,,-599660.0,,,,,,,,,,,,,,,,,85970665.0,,
2015-06-30,2015-08-14,10-Q,"Black Bird Biotech, Inc.",BBBT,CIK0001409999,USD,,103149.0,,,,,,,,,7488946.0,,,,,,,,,16611.0,,,,16611.0,,,,,,,0.001,225000000.0,85970665.0,85970665.0,,85971.0,,,,,,,,,,,,,,,,,,,,540000.0,,0.0,,,,,,,,,,,,,,,,,,,,,,,,,,,,,,,,6540.0,,,,,,,,,643149.0,16611.0,,,,,,,,,,,-26878.0,,,,,,,540000.0,20338.0,-20338.0,,,,,,,,,,,,,,,,,,,,,,,,,,,,,,,,,,,,,,-8201455.0,,,,,,-626538.0,,,,,,,,,,,,,,,,,85970665.0,,
2015-09-30,2015-11-06,10-Q,"Black Bird Biotech, Inc.",BBBT,CIK0001409999,USD,,111037.0,,,,,,,,,7488946.0,,,,,,,,,10824.0,,,,10824.0,,,,,,,0.001,225000000.0,85970665.0,85970665.0,,85971.0,,,,,,,,,,,,,,,,,,,,550000.0,,0.0,,,,,,,,,,,,,,,,,,,,,,,,,,,,,,,,6763.0,,,,,,,,,661037.0,10824.0,,,,,,,,,,,-23675.0,,,,,,,550000.0,16912.0,-16912.0,,,,,,,,,,,,,,,,,,,,,,,,,,,,,,,,,,,,,,-8225130.0,,,,,,-650213.0,,,,,,,,,,,,,,,,,85970665.0,,
2015-12-31,2016-03-28,10-K,"Black Bird Biotech, Inc.",BBBT,CIK0001409999,USD,123891.0,,,,,,,,,,7488946.0,,,,,,,,,12455.0,,,,12455.0,0.0,,,,-10173.0,,0.001,225000000.0,85970665.0,85970665.0,,85971.0,,,,,,,,,,,0.0,304107.0,,,,,,,,570000.0,,0.0,,,,,,,85916.0,,,,,,,,0.0,,,,32297.0,,,,,,,,,,,,,26554.0,0.0,,,,,,,,693891.0,12455.0,,,,,,,70000.0,,,-80173.0,-112470.0,,,,,,,570000.0,85916.0,-85916.0,,,,,,,868876.0,304107.0,,,,,-26554.0,,,,,,,,,,,,,,70000.0,,,,,,,,,,,-8256353.0,,,,20095000.0,,-681436.0,,,,,,,,,,,,,,,0.0,,85970665.0,,
2016-03-31,2016-05-11,10-Q,"Black Bird Biotech, Inc.",BBBT,CIK0001409999,USD,129731.0,,,,,,,,,,7488946.0,,,,,,,,,9437.0,,,,9437.0,,,,,-3018.0,,0.001,225000000.0,85970665.0,85970665.0,,85971.0,,,,,,,,,,,,,,,,,,,,590000.0,,0.0,,,,,,,21666.0,,,,,,,,0.0,,,,5840.0,,,,,,,,,,,,,7192.0,0.0,,,,,,,,719731.0,9437.0,,,,,,,20000.0,,,-23018.0,-28858.0,,,,,,,590000.0,21666.0,-21666.0,,,,,,,,,,,,,-7192.0,,,,,,,,,,,,,,20000.0,,,,,,,,,,,-8285211.0,,,,,,-710294.0,,,,,,,,,,,,,,,,,85970665.0,,
2016-06-30,2016-08-12,10-Q,"Black Bird Biotech, Inc.",BBBT,CIK0001409999,USD,133542.0,,,,,,,,,,7488946.0,,,,,,,,,19279.0,,,,19279.0,,,,,,,0.001,225000000.0,85970665.0,85970665.0,,85971.0,,,,,,,,,,,,,,,,,,,,620000.0,,0.0,,,,,,,16448.0,,,,,,,,,,,,,,,,,,,,,,,,,7521.0,,,,,,,,,753542.0,19279.0,,,,,,,,,,,-23969.0,,,,,,,620000.0,16448.0,-16448.0,,,,,,,,,,,,,-7521.0,,,,,,,,,,,,,,,,,,,,,,,,,-8309180.0,,,,,,-734263.0,,,,,,,,,,,,,,,,,85970665.0,,
2016-09-30,2016-11-07,10-Q,"Black Bird Biotech, Inc.",BBBT,CIK0001409999,USD,141696.0,,,,,,,,,,7488946.0,,,,,,,,,19930.0,,,,19930.0,,,,,,,0.001,225000000.0,85970665.0,85970665.0,,85971.0,,,,,,,,,,,,,,,,,,,,640000.0,,0.0,,,,,,,19700.0,,,,,,,,,,,,,,,,,,,,,,,,,7803.0,,,,,,,,,781696.0,19930.0,,,,,,,,,,,-27503.0,,,,,,,640000.0,19700.0,-19700.0,,,,,,,,,,,,,,,,,,,,,,,,,,,,,,,,,,,,,,-8336683.0,,,,,,-761766.0,,,,,,,,,,,,,,,,,85970665.0,,
2016-12-31,2017-03-30,10-K,"Black Bird Biotech, Inc.",BBBT,CIK0001409999,USD,152217.0,152217.0,,,,,,,,,7488946.0,,,,,,,,,14513.0,14513.0,,,14513.0,0.0,,,,2058.0,,0.001,225000000.0,85970665.0,85970665.0,,85971.0,,,,,,,,,,,0.0,198591.0,,,,,,,,650000.0,,0.0,,,,,,,75739.0,,,,,,,,0.0,,,,28326.0,,,,,,,,,,,,,30529.0,0.0,0.0,,,,,,,802217.0,14513.0,802217.0,,,,,80000.0,80000.0,,-77942.0,-77942.0,-106268.0,,,,,,650000.0,650000.0,75739.0,-75739.0,,,,,,,839403.0,198591.0,,,,,-30529.0,,,,,,,,,,,,,,80000.0,,,,,,,,,,,-8362621.0,,,,20095000.0,,-787704.0,,,,,,,,,,,,,,,0.0,,85970665.0,,
2017-03-31,2017-05-12,10-Q,"Black Bird Biotech, Inc.",BBBT,CIK0001409999,USD,,163500.0,,,,,,,,,7488946.0,,,,,,,,,8438.0,8438.0,,,8438.0,,,,,-6075.0,,0.001,225000000.0,85970665.0,85970665.0,,85971.0,,,,,,,,,,,,,,,,,,,,,,0.0,,,,,,,19177.0,,,,,,,,0.0,,,,11283.0,,,,,,,,,,,,,8181.0,0.0,0.0,,,,,,,823500.0,8438.0,823500.0,,,,,10000.0,10000.0,,-16075.0,-16075.0,-27358.0,,,,,,660000.0,,19177.0,-19177.0,,,,,,,,,,,,,-8181.0,,,,,,,,,,,,,,10000.0,,,,,,,,,,,-8389979.0,,,,,,-815062.0,,,,,,,,,,,,,,,,,85970665.0,,
2017-06-30,2017-08-14,10-Q,"Black Bird Biotech, Inc.",BBBT,CIK0001409999,USD,165937.0,,,,,,,,,,7488946.0,,,,,,,,,4222.0,4222.0,,,4222.0,,,,,,,0.001,225000000.0,85970665.0,85970665.0,,85971.0,,,,,,,,,,,,,,,,,,,,,,0.0,,,,,,,15255.0,,,,,,,,,,,,,,,,,,,,,,,,,8398.0,,,,,,,,,842937.0,4222.0,842937.0,,,,,,,,,,-23653.0,,,,,,677000.0,,15255.0,-15255.0,,,,,,,,,,,,,-8398.0,,,,,,,,,,,,,,,,,,,,,,,,,-8413632.0,,,,,,-838715.0,,,,,,,,,,,,,,,,,85970665.0,,
2017-09-30,2017-11-20,10-Q,"Black Bird Biotech, Inc.",BBBT,CIK0001409999,USD,,177075.0,,,,,,,,,7488946.0,,,,,,,,,395.0,395.0,,,395.0,,,,,,,0.001,225000000.0,85970665.0,85970665.0,,85971.0,,,,,,,,,,,,,,,,,,,,,,0.0,,,,,,,13227.0,,,,,,,,,,,,,,,,,,,,,,,,,8488.0,,,,,,,,,860825.0,395.0,860825.0,,,,,,,,,,-21715.0,,,,,,683750.0,,13227.0,-13227.0,,,,,,,,,,,,,,,,,,,,,,,,,,,,,,,,,,,,,,-8435347.0,,,,,,-860430.0,,,,,,,,,,,,,,,,,85970665.0,,
2017-12-31,2018-04-13,10-K,"Black Bird Biotech, Inc.",BBBT,CIK0001409999,USD,186541.0,186541.0,,,,,,,,,7488946.0,,,,,,,,,1573.0,,,,1573.0,0.0,,,,-12940.0,,0.001,225000000.0,85970665.0,85970665.0,,85971.0,,,,,,,,,,,0.0,221694.0,,,,,,,,,,0.0,,0.8,0.35,,,,76231.0,,,,,,,,0.0,,,,34324.0,,,,,,,,,,,,,33783.0,,0.0,,,,,,,899291.0,1573.0,,712750.0,,,,62750.0,,,-75690.0,,-110014.0,,,,,,712750.0,,76231.0,-76231.0,,,,,,,1085158.0,221694.0,,,,,-33783.0,,,,,,,,,,,,,,62750.0,,,,,,,,,,,-8472635.0,,,,20095000.0,,-897718.0,,,,,,,,,,,,,,,0.0,,85970665.0,,
2018-03-31,2018-05-21,10-Q,"Black Bird Biotech, Inc.",BBBT,CIK0001409999,USD,194659.0,,,,,,,,,,7488946.0,,,,,,,,,5233.0,,,,5233.0,,,3660.0,,3660.0,,0.001,225000000.0,85970665.0,85970665.0,,85971.0,,,,,,,,,,,,,,,,,,,,,,0.0,,,,,,,13750.0,,,,,,,,0.0,,,,8118.0,,,,,,,,,,,,,9018.0,,0.0,,,,,,,925719.0,5233.0,,,,,,18310.0,,,-14650.0,,-22768.0,,,,,,731060.0,,13750.0,-13750.0,,,,,,,,,,,,,-9018.0,,,,,,,,,,,,,,18310.0,,,,,,-22768.0,,,,,-8495403.0,,,,,,-920486.0,,,,,,,,,,,,,,,,,85970665.0,,
2018-06-30,2018-08-14,10-Q,"Black Bird Biotech, Inc.",BBBT,CIK0001409999,USD,,203077.0,,,,,,,,,7488946.0,,,,,,,,,1228.0,,,,1228.0,,,,,,,0.001,225000000.0,85970665.0,85970665.0,,85971.0,,,,,,,,,,,,,,,,,,,,,,0.0,,,,,,,24425.0,,,,,,,,,,,,,,,,,,,,,,,,,9268.0,,,,,,,,,955407.0,1228.0,,,,,,,,,,,-33693.0,,,,,,752330.0,,24425.0,-24425.0,,,,,,,,,,,,,-9268.0,,,,,,,,,,,,,,,,,,,,-33693.0,,,,,-8529096.0,,,,,,-954179.0,,,,,,,,,,,,,,,,,85970665.0,,
2018-09-30,2018-11-15,10-Q,"Black Bird Biotech, Inc.",BBBT,CIK0001409999,USD,211653.0,,,,,,,,,,7488946.0,,,,,,,,,4733.0,,,,4733.0,,,,,,,0.001,225000000.0,,85970665.0,,85971.0,,,,,,,,,,,,,,,,,,,,,,0.0,,,,,,,13622.0,,,,,,,,,,,,,,,,,,,,,,,,,9526.0,,,,,,,,,982060.0,4733.0,,770407.0,,,,,,,,,-23148.0,,,,,,770407.0,,13622.0,-13622.0,,,,,,,,,,,,,-9526.0,,,,,,,,,,,,,,,,,,,,-23148.0,,,,,-8552244.0,,,,,,-977327.0,,,,,,,,,,,,,,,,,85970665.0,,
2018-12-31,2019-05-06,10-K,"Black Bird Biotech, Inc.",BBBT,CIK0001409999,USD,231553.0,,,,,,,,,,7488946.0,,,,,,,,,4733.0,,,,4733.0,37662.0,,3160.0,,3160.0,,0.001,225000000.0,85970665.0,85970665.0,,85971.0,,,,,,,,,,,0.0,247127.0,,,,,,,,,,0.0,,0.8,0.35,,,,83538.0,,,,,,,,0.0,,,,45012.0,,,,,,,,,,,,,37572.0,,0.0,,,,,,,1023561.0,4733.0,,,,,,79258.0,,,-76098.0,,-121110.0,,,,,,792008.0,792008.0,83538.0,-83538.0,,,,,,,1176796.0,247127.0,,,,,-37572.0,,,,,,,,,,,,,,79258.0,0.0,,,,,-121110.0,,,,,-8593745.0,,,,20095000.0,,-1018828.0,,,,,,,,,,,,,,,0.0,,85970665.0,,
2019-03-31,2019-07-30,10-Q,"Black Bird Biotech, Inc.",BBBT,CIK0001409999,USD,243300.0,,,,,,,,,,7488946.0,,,,,,,,,1291.0,,,,1291.0,65318.0,27656.0,-3442.0,,,,0.001,225000000.0,,85970665.0,,85971.0,0.0,,6279.0,,,,,,,,,,,,,,,,,,,0.0,,,,,,,155.0,,,,-5539.0,,-23344.0,0.0,,0.0,,,17974.0,,0.0,,,,0.0,,,,,,,0.0,0.0,,,,,,,7200.0,1049535.0,1291.0,,,,,,51000.0,,,-23344.0,,-23344.0,,,,,,806235.0,806235.0,17805.0,-23344.0,,,,,,,,,,0.0,,,0.0,,,,,,,,,51000.0,,,,,0.0,-4500.0,,,,0.0,-29416.0,,,,,-8623161.0,,740.0,,,,-1048244.0,,,,,,,,,,,,,,,,,85970665.0,,
2019-06-30,2019-08-19,10-Q,"Black Bird Biotech, Inc.",BBBT,CIK0001409999,USD,245258.0,,,,,,,,,,7488946.0,,,,,,,,,3306.0,,,,3306.0,21894.0,,,,,,0.001,225000000.0,,85970665.0,,85971.0,,,6067.0,,,,,,,,,,,,,,,,,,,0.0,,,,,,,7059.0,,,,-1967.0,,-48924.0,0.0,,,,,,,,,,,,,,,,,,0.0,,,,,,,,1000.0,1080528.0,3306.0,,,,,,,,,,,-48924.0,,,,,,835270.0,835270.0,46957.0,-48924.0,,,,,,,,,,3416.0,,,0.0,,,,,,,,,,,,,,,,,,,12500.0,-28978.0,,,,,-8652139.0,,4100.0,,,,-1077222.0,,,,,,,,,,,,,,,,,85970665.0,,
2019-09-30,2019-11-20,10-Q,"Black Bird Biotech, Inc.",BBBT,CIK0001409999,USD,253755.0,,,,,,,,,,7488946.0,,,,,,,,,1534.0,,,,1534.0,20581.0,,,,,,0.001,225000000.0,,85970665.0,,85971.0,,,7792.0,,,,,,,,,,,,,,,,,,0.0,0.0,,,,,,,10831.0,,,,3330.0,,-36791.0,0.0,,,,,,,,,,,,,,,,,,0.0,,,,,,,,1100.0,1109612.0,1534.0,,,,,,,,,,,-36791.0,,,,,,855857.0,,40421.0,-37091.0,,,,,,,,,,4399.0,,,300.0,,300.0,,,,,,,,,,,,,,,,,19500.0,-30856.0,,,,,-8682995.0,,11122.0,,,,-1108078.0,,,,,,,,,,,,,,,,,85970665.0,85970665.0,
2019-12-31,2020-07-14,10-K,"Black Bird Biotech, Inc.",BBBT,CIK0001409999,USD,267195.0,,874573.0,0.0,,,,,,7488946.0,7488946.0,,,,0.0,4461.0,,,,973.0,973.0,0.0,,973.0,85969.0,48307.0,-3760.0,973.0,,,1e-05,325000000.0,85970665.0,85970665.0,0.0,85971.0,0.0,,17802.0,,,,,,,,0.0,272740.0,,0.0,,,,,0.0,,0.0,0.0,0.0,,,,,,10980.0,,,,-31.0,,-149373.0,0.0,,0.0,,,35642.0,-8922.0,4272.0,1000.0,,0.0,-6581.0,,,-20000.0,,,4461.0,0.0,0.0,,0.0,0.0,,,0.0,32860.0,1141768.0,973.0,1141768.0,,,0.0,0.0,179450.0,,0.0,-131143.0,,-149373.0,,,,,,874573.0,,149642.0,-149673.0,,,,,,,1298000.0,272740.0,,8471.0,,,300.0,0.0,300.0,0.0,,,,,,0.0,,,,,0.0,179450.0,,0.0,,48108.0,-121967.0,,,0.0,,-8715712.0,,17771.0,,,,-1140795.0,,,,,,,,,,,,,,,0.0,120358939.0,85970665.0,,120358939.0
2020-03-31,2020-08-10,10-Q,"Black Bird Biotech, Inc.",BBBT,CIK0001409999,USD,14568.0,,,4461.0,,,,,0.0,,8682258.0,0.0,,,4461.0,,0.0,,,64660.0,64660.0,,,,22741.0,-63228.0,,22741.0,,,0.0,225000000.0,85970665.0,85970665.0,,150100.0,1133067.0,,3932.0,,,0.0,,,,,,,,20000.0,0.0,0.0,,,,,0.0,0.0,0.0,,,,,,11311.0,,,,1971.0,,-68554.0,0.0,,0.0,,,,,2986.0,,,11.0,-8671.0,,,,0.0,,,11.0,0.0,3000.0,,17458.0,,,0.0,23325.0,17568.0,64660.0,17568.0,,,,0.0,3000.0,,0.0,-66228.0,,-68554.0,,,,,,3000.0,,70514.0,-68543.0,,,,,,,,,,878.0,,,-11.0,,,0.0,,0.0,,,,0.0,,,,,3000.0,0.0,,0.0,,35000.0,-68554.0,,,,,-8784266.0,,5903.0,,,,47092.0,1000.0,,,,,114945.0,,8000.0,,,,,,,,,150013186.0,150013186.0,
2020-06-30,2020-08-20,10-Q,"Black Bird Biotech, Inc.",BBBT,CIK0001409999,USD,16533.0,,6670.0,4461.0,,,,,,8714623.0,,,29990.0,,,,,,,92866.0,92347.0,519.0,,27254.0,27254.0,,,,,,0.0,225000000.0,150225000.0,150225000.0,-1000.0,150225.0,,,9333.0,,,0.0,,,23324.0,,,,,20000.0,,,,,,,0.0,0.0,0.0,,,,,,20018.0,,,,20638.0,,-36595.0,0.0,,,,,,,,,,,,,,,,,,50.0,,,,40632.0,,,0.0,19625.0,49879.0,92866.0,49879.0,,,519.0,0.0,,,,,,-36595.0,,,,,,,,57183.0,-36545.0,,,,,,,,,,2456.0,,,-50.0,23324.0,,,,,,,,,,,,,,,,,,4299.0,-36595.0,,,,4121.0,-8820861.0,,29971.0,,,0.02,42987.0,,,,,,,,,2500.0,,,,,150164560.0,,,150164560.0,,150164560.0
2020-09-30,2020-11-23,10-Q,"Black Bird Biotech, Inc.",BBBT,CIK0001409999,USD,48047.0,,6670.0,4461.0,,,,,,8909901.0,,0.0,,,,,,,,112235.0,111715.0,520.0,,,47884.0,,,,,,0.0,225000000.0,155225000.0,155225000.0,-1000.0,155225.0,,,8807.0,,,0.0,,,23324.0,,,,,20000.0,,0.0,,,6917.0,,0.0,0.0,,,,,,,14455.0,,,,11433.0,,-229335.0,0.0,,,,,,,,,,,,,,,,,,2140.0,,,,39370.0,,,0.0,55338.0,98305.0,112235.0,98305.0,,,520.0,0.0,,,,,,-229335.0,,,,,,,,238719.0,-227286.0,,,,,,,,,,6020.0,,91.0,-2049.0,36671.0,91.0,,,,,,,,,,,,,,,,,149909.0,-229335.0,,,,3000.0,-9050196.0,,20240.0,,,0.04,13930.0,,,,,,,,,200000.0,,,,,,,163106208.0,163106208.0,152725000.0,152725000.0
2020-12-31,2021-04-15,10-K,"Black Bird Biotech, Inc.",BBBT,CIK0001409999,USD,46253.0,,0.0,,39676.0,3872.0,240.0,302917.0,,703353.0,,,56343.0,,,4461.0,,,,126150.0,106150.0,,,,52974.0,-32995.0,,52974.0,,,0.001,325000000.0,164925000.0,164925000.0,1000.0,164925.0,1133067.0,,28245.0,,4100.0,,58600.0,0.1,3871.0,24889.0,0.0,417673.0,,20000.0,,,,200000.0,4470.0,,0.0,,0.0,0.8,,,0.0,0.0,209666.0,,,,29359.0,,-690158.0,0.0,,0.0,,,,0.0,34283.0,0.0,,2201.0,-30212.0,,,20000.0,,,4461.0,5873.0,3000.0,,2201.0,39676.0,,,17200.0,143310.0,98541.0,126150.0,98541.0,,,,1918.0,606470.0,,-20000.0,-619465.0,,-690158.0,,45617.0,,,45617.0,,,714162.0,-684803.0,99000.0,25200.0,18000.0,18000.0,18000.0,19800.0,1988000.0,417673.0,20000.0,17899.0,,,-5355.0,45617.0,518.0,20000.0,,,13500.0,,,530500.0,528000.0,,,,4470.0,0.0,,104500.0,,266640.0,,,,25000.0,,-839669.0,,57604.0,,,0.04,27609.0,,,,,,114945.0,,23000.0,,,,,,,,132545440.0,,,120358931.0
2021-03-31,2021-05-24,10-Q,"Black Bird Biotech, Inc.",BBBT,CIK0001409999,USD,48354.0,,,,,,,15722.0,15973.0,906865.0,56343.0,15973.0,,,,,8700.0,,105556.0,328852.0,134451.0,,,,75788.0,22814.0,,,,,0.001,325000000.0,171950000.0,171950000.0,-1000.0,171950.0,0.0,,1521.0,,,1334.0,,,74589.0,,,,,0.0,746.0,746.0,,,773.0,,0.0,,0.0,,,1.0,179444.0,14957.0,94902.0,,,,686.0,,-208233.0,0.0,,0.0,,,,,2101.0,,,64.0,-9987.0,,,,4500.0,190000.0,,8764.0,,0.0,2265.0,49663.0,,,4800.0,38673.0,269151.0,328852.0,269151.0,,,,1366.0,387773.0,,-185703.0,-179256.0,,-208233.0,,213289.0,,26555.0,,,,183436.0,-182750.0,,,,,,,,,194401.0,3014.0,,,-25483.0,,,180000.0,,5703.0,9000.0,,,195000.0,195000.0,,,,0.0,773.0,,205000.0,,39347.0,,,,,,-1018114.0,-29788.0,2207.0,,,0.04,59701.0,,,,,150000.0,,,6880.0,,,,,,,,,184632802.0,168305277.0,
2021-06-30,2021-08-23,10-Q,"Black Bird Biotech, Inc.",BBBT,CIK0001409999,USD,47142.0,,,,4773.0,,,48625.0,,1273690.0,,31667.0,,,,,,,,539767.0,378151.0,,,,66746.0,,,,,,0.001,325000000.0,184025000.0,184025000.0,1000.0,184025.0,,,22110.0,,,335.0,,,,,,,,0.0,,1118.0,,,48975.0,,0.0,,0.0,,,,147778.0,13838.0,98657.0,,,,10895.0,,-265814.0,0.0,,,,,,,,,,,,,,,,190000.0,,48907.0,,,14488.0,75743.0,,,1860.0,5100.0,366980.0,539767.0,366980.0,,,,3712.0,,,,,,-265814.0,,,,,256375.0,,,195017.0,-184122.0,,,,,,,,,161616.0,6913.0,,,-81692.0,,,,,,230889.0,,,,,,,,,,,,,78440.0,,,,,0.0,-1283928.0,,33005.0,,,0.04,172787.0,,250400.0,,,,,,,,,,,,192758214.0,,,,,175735164.0
2021-09-30,2021-11-22,10-Q,"Black Bird Biotech, Inc.",BBBT,CIK0001409999,USD,41649.0,,,,9445.0,,,23667.0,,2177006.0,,-31667.0,,,,,,,,1219747.0,1091012.0,,,,820114.0,,,820114.0,,,0.001,325000000.0,246897495.0,246897495.0,1000.0,246897.0,,,39608.0,101610.0,,22339.0,,,,,,,,0.0,,1217.0,,,5277.0,,,,,,,,116111.0,12624.0,205697.0,,,,7086.0,,-451677.0,0.0,,,,,,,,,,,,,,,,190000.0,,65701.0,,,11481.0,78125.0,,,1860.0,5099.0,532449.0,1219747.0,532449.0,,,,117.0,,,,,,-451677.0,,,,,474042.0,,,360178.0,-353092.0,,,,,,,,,128735.0,1427.0,,0.0,-98585.0,,,,,,183328.0,,,,,,,,,,,,,123639.0,,,,,0.0,-1735605.0,,46694.0,,,,687298.0,,15000.0,,,,,,,,775500.0,,,,,,214223263.0,,,196004788.0
