end,filed,form,Name,Ticker,CIK,Currency,AccountsPayableCurrent,AccountsPayableOtherCurrent,AccountsPayableOtherCurrentAndNoncurrent,AccountsReceivableNetCurrent,AccumulatedDepreciationDepletionAndAmortizationPropertyPlantAndEquipment,AccumulatedOtherComprehensiveIncomeLossForeignCurrencyTranslationAdjustmentNetOfTax,AdditionalPaidInCapital,AdjustmentsToAdditionalPaidInCapitalSharebasedCompensationRequisiteServicePeriodRecognitionValue,AdjustmentsToAdditionalPaidInCapitalWarrantIssued,AllowanceForDoubtfulAccountsPremiumsAndOtherReceivables,AntidilutiveSecuritiesExcludedFromComputationOfEarningsPerShareAmount,Assets,AssetsCurrent,CashAndCashEquivalentsAtCarryingValue,CashCashEquivalentsRestrictedCashAndRestrictedCashEquivalentsIncludingDisposalGroupAndDiscontinuedOperations,CashCashEquivalentsRestrictedCashAndRestrictedCashEquivalentsPeriodIncreaseDecreaseIncludingExchangeRateEffect,ClassOfWarrantOrRightNumberOfSecuritiesCalledByWarrantsOrRights,CommonStockParOrStatedValuePerShare,CommonStockSharesAuthorized,CommonStockSharesIssued,CommonStockSharesOutstanding,CommonStockValue,ConvertibleDebtCurrent,ConvertibleDebtFairValueDisclosures,ConvertibleDebtNoncurrent,CostOfGoodsAndServicesSold,DebtInstrumentInterestRateDuringPeriod,DeferredTaxAssetsOtherLossCarryforwards,DeferredTaxAssetsValuationAllowance,Depreciation,DepreciationDepletionAndAmortization,EarningsPerShareBasicAndDiluted,EffectiveIncomeTaxRateReconciliationAtFederalStatutoryIncomeTaxRate,EffectiveIncomeTaxRateReconciliationShareBasedCompensationExcessTaxBenefitAmount,EffectOfExchangeRateOnCashCashEquivalentsRestrictedCashAndRestrictedCashEquivalentsIncludingDisposalGroupAndDiscontinuedOperations,EquityMethodInvestmentOwnershipPercentage,FairValueAdjustmentOfWarrants,FairValueMeasurementWithUnobservableInputsReconciliationRecurringBasisLiabilityIssues,FairValueMeasurementWithUnobservableInputsReconciliationsRecurringBasisLiabilityValue,FinancialLiabilitiesFairValueDisclosure,GainLossOnSaleOfPropertyPlantEquipment,GeneralAndAdministrativeExpense,GrossProfit,ImpairmentOfLongLivedAssetsHeldForUse,IncomeTaxReconciliationDeductions,IncomeTaxReconciliationMinorityInterestIncomeExpense,IncomeTaxReconciliationNondeductibleExpense,IncreaseDecreaseInAccountsPayable,IncreaseDecreaseInAccountsReceivable,IncreaseDecreaseInInventories,IncreaseDecreaseInOtherAccountsPayable,IncreaseDecreaseInOtherCurrentAssets,InterestAndDebtExpense,InterestPaidNet,InventoryNet,Liabilities,LiabilitiesAndStockholdersEquity,LiabilitiesCurrent,LongTermDebt,LongTermDebtCurrent,LongTermDebtFairValue,LongTermDebtMaturitiesRepaymentsOfPrincipalInNextTwelveMonths,LongTermDebtMaturitiesRepaymentsOfPrincipalInYearThree,LongTermDebtMaturitiesRepaymentsOfPrincipalInYearTwo,LongTermDebtNoncurrent,MinorityInterest,NetCashProvidedByUsedInFinancingActivities,NetCashProvidedByUsedInInvestingActivities,NetCashProvidedByUsedInOperatingActivities,NetIncomeLoss,NetIncomeLossAttributableToNoncontrollingInterest,NonoperatingIncomeExpense,OperatingIncomeLoss,OperatingLeaseLiability,OperatingLeaseRightOfUseAsset,OtherAssetsCurrent,OtherIncome,OtherLiabilitiesCurrent,OtherNonoperatingIncomeExpense,PaymentsForProceedsFromBusinessesAndInterestInAffiliates,PaymentsOfStockIssuanceCosts,PaymentsToAcquireInterestInSubsidiariesAndAffiliates,PaymentsToAcquirePropertyPlantAndEquipment,PreferredStockParOrStatedValuePerShare,PreferredStockSharesAuthorized,PreferredStockSharesIssued,PreferredStockSharesOutstanding,ProceedsFromIssuanceInitialPublicOffering,ProceedsFromIssuanceOfCommonStock,ProceedsFromLoans,ProceedsFromRepaymentsOfSecuredDebt,ProceedsFromSaleOfPropertyPlantAndEquipment,ProceedsFromSecuredNotesPayable,ProceedsFromStockOptionsExercised,ProceedsFromWarrantExercises,ProfitLoss,PropertyPlantAndEquipmentGross,PropertyPlantAndEquipmentNet,ProvisionForLoanAndLeaseLosses,RepaymentsOfLinesOfCredit,RepaymentsOfLongTermDebt,RepaymentsOfRelatedPartyDebt,RepaymentsOfSecuredDebt,RepaymentsOfShortTermDebt,ResearchAndDevelopmentExpense,RestrictedCashAndCashEquivalents,RestrictedCashCurrent,RetainedEarningsAccumulatedDeficit,RevenueFromContractWithCustomerExcludingAssessedTax,SellingAndMarketingExpense,SeveranceCosts1,ShareBasedCompensation,ShareBasedCompensationArrangementByShareBasedPaymentAwardFairValueAssumptionsExercisePrice,ShareBasedCompensationArrangementByShareBasedPaymentAwardFairValueAssumptionsExpectedDividendRate,ShareBasedCompensationArrangementByShareBasedPaymentAwardFairValueAssumptionsExpectedVolatilityRate,ShareBasedCompensationArrangementByShareBasedPaymentAwardFairValueAssumptionsRiskFreeInterestRate,ShareBasedCompensationArrangementByShareBasedPaymentAwardOptionsExercisableNumber,ShareBasedCompensationArrangementByShareBasedPaymentAwardOptionsExercisableWeightedAverageExercisePrice,ShareBasedCompensationArrangementByShareBasedPaymentAwardOptionsExpirationsInPeriod,ShareBasedCompensationArrangementByShareBasedPaymentAwardOptionsForfeituresAndExpirationsInPeriod,ShareBasedCompensationArrangementByShareBasedPaymentAwardOptionsForfeituresAndExpirationsInPeriodWeightedAverageExercisePrice,ShareBasedCompensationArrangementByShareBasedPaymentAwardOptionsForfeituresInPeriod,ShareBasedCompensationArrangementByShareBasedPaymentAwardOptionsGrantsInPeriodGross,ShareBasedCompensationArrangementByShareBasedPaymentAwardOptionsOutstandingIntrinsicValue,ShareBasedCompensationArrangementByShareBasedPaymentAwardOptionsOutstandingNumber,ShareBasedCompensationArrangementByShareBasedPaymentAwardOptionsOutstandingWeightedAverageExercisePrice,ShareBasedCompensationArrangementsByShareBasedPaymentAwardOptionsExercisesInPeriodWeightedAverageExercisePrice,ShareBasedCompensationArrangementsByShareBasedPaymentAwardOptionsExpirationsInPeriodWeightedAverageExercisePrice,ShareBasedCompensationArrangementsByShareBasedPaymentAwardOptionsForfeituresInPeriodWeightedAverageExercisePrice,ShareBasedCompensationArrangementsByShareBasedPaymentAwardOptionsGrantsInPeriodWeightedAverageExercisePrice,SharePrice,SharesIssuedPricePerShare,ShortTermBorrowings,StockGrantedDuringPeriodValueSharebasedCompensation,StockholdersEquity,StockholdersEquityIncludingPortionAttributableToNoncontrollingInterest,StockIssuedDuringPeriodSharesNewIssues,StockIssuedDuringPeriodSharesStockOptionsExercised,StockIssuedDuringPeriodValueConversionOfConvertibleSecurities,StockIssuedDuringPeriodValueIssuedForServices,StockIssuedDuringPeriodValueNewIssues,StockIssuedDuringPeriodValueStockDividend,StockIssuedDuringPeriodValueStockOptionsExercised,WeightedAverageNumberOfShareOutstandingBasicAndDiluted,WeightedAverageNumberOfSharesOutstandingBasic
2019-12-31,2020-03-30,10-K,"SAVE     FOODS, INC.",SVFD,CIK0001789192,USD,235864.0,380732.0,199983.0,64003.0,117325.0,-26275.0,10329571.0,,97406.0,24702.0,164289.0,664670.0,424614.0,290815.0,290815.0,-148991.0,,0.0001,495000000.0,1458593.0,1458593.0,146.0,,,285917.0,144548.0,0.0225,2171821.0,2201174.0,27351.0,27351.0,-1.38,0.21,-93970.0,,,157988.0,,,,,1004899.0,31275.0,-36700.0,26688.0,1971417.0,-2278.0,39313.0,-71294.0,-21783.0,59625.0,-49739.0,4323.0,836.0,16302.0,1066789.0,664670.0,623826.0,22185.0,7230.0,,7230.0,7560.0,7395.0,14955.0,-21053.0,1177436.0,-81655.0,-1244772.0,-1971417.0,-18986.0,-43408.0,-1931305.0,,48982.0,15300.0,,,,7567.0,,7567.0,23327.0,0.0001,5000000.0,0.0,0.0,,840693.0,379000.0,,,,,,-1990403.0,235144.0,81119.0,6147.0,,42257.0,,,,615623.0,38194.0,38194.0,-10684508.0,175823.0,342058.0,24000.0,438670.0,3.15,0.0,0.54,,515279.0,0.45,,33334.0,0.45,4762.0,109526.0,517502.0,164289.0,3.15,,,3.15,3.15,6.3,0.9,7230.0,438670.0,-381066.0,-402119.0,,,,,840693.0,,,,1424045.0
2020-03-31,2020-05-15,10-Q,"SAVE     FOODS, INC.",SVFD,CIK0001789192,USD,219145.0,392148.0,227309.0,,,-26275.0,10398420.0,35403.0,34696.0,,,475344.0,254456.0,180003.0,180003.0,-110812.0,,0.0001,495000000.0,10209487.0,10209487.0,1021.0,,,403011.0,20775.0,,,,,19084.0,-0.25,,,,,,,,,,218079.0,42791.0,,,,,-16719.0,-64003.0,-5035.0,21889.0,10859.0,,,11267.0,1176427.0,475344.0,618342.0,,,,,,,12717.0,-24094.0,122740.0,84.0,-233636.0,-365647.0,-3416.0,-7202.0,-361861.0,,37314.0,26159.0,,,,,,,,0.0001,5000000.0,0.0,0.0,,,,135000.0,,135000.0,,,-369063.0,,73703.0,17325.0,,1787.0,,,10473.0,157636.0,,37027.0,-11050155.0,63566.0,28937.0,,35403.0,,,,,625002.0,,,58333.0,0.45,,,491252.0,1091671.0,0.45,,,,0.45,,0.9,7049.0,35403.0,-676989.0,-701083.0,,,,,,,,1458598.0,
2020-06-30,2020-08-11,10-Q,"SAVE     FOODS, INC.",SVFD,CIK0001789192,USD,180432.0,419371.0,258782.0,,,-26275.0,11166664.0,184264.0,,,,352681.0,135505.0,35251.0,35251.0,,,0.0001,495000000.0,10209487.0,10209487.0,1021.0,,,,4911.0,,,,,,-0.4,,,,,,,,,,295297.0,-4911.0,,,,,,,,,,,,11267.0,764754.0,352681.0,607094.0,,,,,,,11237.0,-26283.0,,,,-577045.0,-4140.0,-193149.0,-403726.0,,37878.0,50903.0,,,,,,,,0.0001,5000000.0,0.0,0.0,,,,,,,,,-581185.0,,66289.0,,,,,,,95707.0,,38084.0,-11627200.0,,7811.0,,,,,,,429169.0,0.45,,,,,,516602.0,1148004.0,0.45,,,,,,0.9,7291.0,184264.0,-385790.0,-412073.0,,,585931.0,,,,,1458598.0,
2020-09-30,2020-11-12,10-Q,"SAVE     FOODS, INC.",SVFD,CIK0001789192,USD,209917.0,455676.0,295413.0,,,-26275.0,11743602.0,168825.0,,,,583359.0,394297.0,310571.0,310571.0,,,0.0001,495000000.0,11202146.0,11202146.0,1120.0,31250.0,,75250.0,,,,,,,-0.28,,,,,,,,,,337886.0,,,,,,,,,,,,,11267.0,954289.0,583359.0,704228.0,,,18692.0,,,,9454.0,-28277.0,,,,-433900.0,-3782.0,-6478.0,-432085.0,,17168.0,34098.0,881.0,,881.0,,,,,0.0001,5000000.0,0.0,0.0,,,,,,,,,-437682.0,,58885.0,,,,,,,87465.0,,38361.0,-12061100.0,,6734.0,,,,,,,544890.0,0.475,,,,,,952198.0,1581336.0,0.488,,,,,,1.09,7385.0,,-342653.0,-370930.0,,,,,250000.0,,,1557778.0,
2020-12-31,2021-03-29,10-K,"SAVE     FOODS, INC.",SVFD,CIK0001789192,USD,203323.0,517711.0,424515.0,147941.0,139382.0,-26275.0,11867585.0,,34696.0,26553.0,206862.0,687649.0,495171.0,242900.0,265295.0,-47915.0,,0.0001,495000000.0,1606765.0,1606765.0,161.0,56250.0,54970.0,146929.0,43405.0,0.021,2350367.0,2381994.0,22512.0,45205.0,-1.05,0.21,-109772.0,,,,27762.0,54970.0,54970.0,-2382.0,1070109.0,188869.0,-36700.0,13480.0,1593139.0,-63565.0,-32541.0,83938.0,54.0,,47575.0,202917.0,408.0,16356.0,1153102.0,687649.0,785233.0,16064.0,7949.0,54970.0,7949.0,,8115.0,8115.0,-29277.0,741760.0,9065.0,-798740.0,-1593139.0,-13441.0,,-1349345.0,,14700.0,65579.0,,517711.0,-2532.0,-4864.0,,,,0.0001,5000000.0,0.0,0.0,,350000.0,,,1031.0,135000.0,20000.0,60000.0,-1606580.0,231276.0,55194.0,176216.0,,7272.0,,,40968.0,417000.0,22395.0,22395.0,-12277647.0,232274.0,51105.0,7419.0,492619.0,,0.0,0.52,0.0023,97351.0,3.27,14286.0,,,29365.0,92574.0,1084465.0,206862.0,3.37,3.15,3.15,3.15,3.64,,8.61,7949.0,492619.0,-436176.0,-465453.0,,6350.0,585931.0,,350000.0,,20000.0,,1519122.0
2021-03-31,2021-05-18,10-Q,"SAVE     FOODS, INC.",SVFD,CIK0001789192,USD,240591.0,,485611.0,158502.0,,-26275.0,11951190.0,84500.0,,,,880788.0,701575.0,370072.0,370072.0,127172.0,,0.0001,495000000.0,1606765.0,1606765.0,161.0,89586.0,,188185.0,2933.0,,,,,8890.0,-0.31,,,,,,,,,,252971.0,120141.0,,,,,37268.0,10561.0,-377.0,,5167.0,,,15979.0,1756036.0,880788.0,903976.0,,,505774.0,,,,,-30275.0,204165.0,4375.0,-81368.0,-492402.0,-1893.0,,-246879.0,,10631.0,135426.0,,,,,,,,0.0001,5000000.0,0.0,0.0,,,,,,274000.0,,,-494295.0,,50373.0,251396.0,,1975.0,,,3180.0,69791.0,,21596.0,-12770049.0,123074.0,44258.0,,84500.0,,,,,118447.0,3.29,,,,,,2406313.0,206862.0,3.37,,,,,,15.0,7708.0,84500.0,-844973.0,-875248.0,,,,,,,,1606765.0,
2021-06-30,2021-08-16,10-Q,"SAVE     FOODS, INC.",SVFD,CIK0001789192,USD,329253.0,,173526.0,54403.0,,-26275.0,23244172.0,61558.0,,,,10274540.0,10103783.0,9305800.0,9305800.0,,,0.0001,495000000.0,2776551.0,2776551.0,278.0,,,,11354.0,,,,,,-0.69,,,,,,,,,,1419736.0,43049.0,,,,,,,,,,,,15236.0,1356583.0,10274540.0,1199596.0,,,,,,,,-48728.0,,,,-1481441.0,-19784.0,,-1622141.0,,6963.0,706258.0,,,,,,,,0.0001,5000000.0,0.0,0.0,,,,,,,,,-1501225.0,,45585.0,,,,,,,226742.0,,22086.0,-14251490.0,54403.0,18712.0,,,,,,,139543.0,3.31,,,,,,941627.0,206862.0,3.37,,,,,,7.92,7928.0,61558.0,8966685.0,8917957.0,,,648410.0,126600.0,10457862.0,,,2158915.0,
2021-09-30,2021-11-15,10-Q,"SAVE     FOODS, INC.",SVFD,CIK0001789192,USD,253374.0,,88951.0,36802.0,,-26275.0,23451533.0,56908.0,,,,8841053.0,8507341.0,7771539.0,7826045.0,,,0.0001,495000000.0,2792836.0,2792836.0,280.0,,,,53644.0,,,,,,-0.46,,,,,,,,,,1174737.0,17719.0,,,,,,,,,,,,17974.0,1015149.0,8841053.0,854562.0,,,,,,,,-61063.0,,,,-1287081.0,-13202.0,,-1292507.0,146309.0,146685.0,626520.0,,593139.0,,,,,,0.0001,5000000.0,0.0,0.0,,,,,,,,,-1300283.0,,56040.0,,,,,,,66470.0,,54506.0,-15538571.0,71363.0,69019.0,,,,,,,139543.0,3.31,,,,,,628861.0,206862.0,3.37,,,,,,6.41,8049.0,,7886967.0,7825904.0,,,,151322.0,,,,2786451.0,
