end,filed,form,Name,Ticker,CIK,Currency,AccountsAndOtherReceivablesNetCurrent,AccountsPayableAndOtherAccruedLiabilitiesCurrent,AccountsPayableCurrent,AccountsReceivableNetCurrent,AccruedIncomeTaxesCurrent,AccruedLiabilitiesCurrent,AccumulatedDepreciationDepletionAndAmortizationPropertyPlantAndEquipment,AccumulatedOtherComprehensiveIncomeLossNetOfTax,AdditionalPaidInCapital,AdditionalPaidInCapitalCommonStock,AdjustmentForAmortization,AdjustmentsToAdditionalPaidInCapitalOther,Assets,AssetsCurrent,BusinessCombinationLiabilitiesArisingFromContingenciesAmountRecognized,BusinessCombinationRecognizedIdentifiableAssetsAcquiredAndLiabilitiesAssumedAssets,BusinessCombinationRecognizedIdentifiableAssetsAcquiredAndLiabilitiesAssumedCashAndEquivalents,BusinessCombinationRecognizedIdentifiableAssetsAcquiredAndLiabilitiesAssumedCurrentAssetsPrepaidExpenseAndOtherAssets,BusinessCombinationRecognizedIdentifiableAssetsAcquiredAndLiabilitiesAssumedCurrentLiabilitiesAccountsPayable,BusinessCombinationRecognizedIdentifiableAssetsAcquiredAndLiabilitiesAssumedLiabilities,BusinessCombinationRecognizedIdentifiableAssetsAcquiredAndLiabilitiesAssumedNoncurrentLiabilities,BusinessCombinationRecognizedIdentifiableAssetsAcquiredAndLiabilitiesAssumedPropertyPlantAndEquipment,BusinessCombinationRecognizedIdentifiableAssetsAcquiredGoodwillAndLiabilitiesAssumedLessNoncontrollingInterest,Cash,CashAcquiredFromAcquisition,CashAndCashEquivalentsAtCarryingValue,CashAndCashEquivalentsPeriodIncreaseDecrease,CashFDICInsuredAmount,CommonStockParOrStatedValuePerShare,CommonStockSharesAuthorized,CommonStockSharesIssued,CommonStockSharesOutstanding,CommonStockValue,ComprehensiveIncomeNetOfTax,CostOfRevenue,CostOfServices,DeferredRevenue,DeferredRevenueAndCreditsNoncurrent,DeferredTaxAssetsOperatingLossCarryforwards,DeferredTaxAssetsValuationAllowance,DepositsAssetsCurrent,Depreciation,DepreciationAndAmortization,DueFromRelatedPartiesCurrent,DueToRelatedPartiesCurrent,DueToRelatedPartiesNoncurrent,EarningsPerShareBasicAndDiluted,EffectiveIncomeTaxRateReconciliationAtFederalStatutoryIncomeTaxRate,EffectOfExchangeRateOnCashAndCashEquivalents,FinanceLeaseImpairmentLoss,FinanceLeaseLiability,FinanceLeaseLiabilityCurrent,FinanceLeaseLiabilityNoncurrent,FinanceLeaseLiabilityPaymentsDueInNextRollingTwelveMonths,FinanceLeaseLiabilityPaymentsDueInRollingYearThree,FinanceLeaseLiabilityPaymentsDueInRollingYearTwo,ForeignCurrencyTransactionGainLossBeforeTax,GainsLossesOnExtinguishmentOfDebt,GeneralAndAdministrativeExpense,Goodwill,GrossProfit,IncomeLossFromContinuingOperationsBeforeIncomeTaxesExtraordinaryItemsNoncontrollingInterest,IncomeTaxExpenseBenefit,IncomeTaxesPaidNet,IncomeTaxReconciliationChangeInDeferredTaxAssetsValuationAllowance,IncomeTaxReconciliationIncomeTaxExpenseBenefitAtFederalStatutoryIncomeTaxRate,IncomeTaxReconciliationTaxExemptIncome,IncreaseDecreaseInAccountsPayable,IncreaseDecreaseInAccountsPayableAndOtherOperatingLiabilities,IncreaseDecreaseInAccountsPayableTrade,IncreaseDecreaseInAccountsReceivable,IncreaseDecreaseInAccruedIncomeTaxesPayable,IncreaseDecreaseInDeferredRevenue,IncreaseDecreaseInDeferredRevenueAndCustomerAdvancesAndDeposits,IncreaseDecreaseInDeposits,IncreaseDecreaseInDueToRelatedParties,IncreaseDecreaseInOtherReceivables,IncreaseDecreaseInPrepaidDeferredExpenseAndOtherAssets,IncreaseDecreaseInPrepaidExpense,InterestAndDividendIncomeOperating,InterestExpense,InterestIncomeExpenseNet,InterestPaidNet,Liabilities,LiabilitiesAndStockholdersEquity,LiabilitiesCurrent,LiabilitiesNoncurrent,LongTermNotesPayable,MinorityInterest,NetCashProvidedByUsedInFinancingActivities,NetCashProvidedByUsedInInvestingActivities,NetCashProvidedByUsedInOperatingActivities,NetIncomeLoss,NetIncomeLossAttributableToNoncontrollingInterest,NetIncomeLossAvailableToCommonStockholdersBasic,OperatingExpenses,OperatingIncomeLoss,OperatingLeaseRightOfUseAsset,OtherExpenses,OtherInterestAndDividendIncome,OtherLiabilitiesCurrent,OtherNoncashIncomeTaxExpense,OtherNonoperatingIncome,OtherNonrecurringIncomeExpense,PaymentsToAcquireInterestInSubsidiariesAndAffiliates,PaymentsToAcquirePropertyPlantAndEquipment,PensionContributions,PreferredStockParOrStatedValuePerShare,PreferredStockSharesAuthorized,PreferredStockSharesIssued,PreferredStockSharesOutstanding,PreferredStockValue,PrepaidExpenseAndOtherAssets,PrepaidExpenseCurrent,ProceedsFromContributionsFromAffiliates,ProceedsFromIssuanceOfCommonStock,ProceedsFromIssuanceOfPreferredStockAndPreferenceStock,ProceedsFromIssuanceOfSecuredDebt,ProceedsFromIssuanceOrSaleOfEquity,ProceedsFromNotesPayable,ProceedsFromRelatedPartyDebt,ProceedsFromRepaymentsOfRelatedPartyDebt,ProfitLoss,PropertyPlantAndEquipmentGross,PropertyPlantAndEquipmentNet,ReceivableFromShareholdersOrAffiliatesForIssuanceOfCapitalStock,ReceivablesNetCurrent,RepaymentsOfRelatedPartyDebt,RetainedEarningsAccumulatedDeficit,Revenues,SalesRevenueServicesNet,SharesIssued,StockholdersEquity,StockholdersEquityIncludingPortionAttributableToNoncontrollingInterest,StockIssuedDuringPeriodSharesNewIssues,StockIssuedDuringPeriodSharesOther,StockIssuedDuringPeriodValueNewIssues,WeightedAverageNumberOfShareOutstandingBasicAndDiluted,WeightedAverageNumberOfSharesOutstandingBasic
2017-10-31,2017-12-06,10-Q,VIVIC CORP.,VIVC,CIK0001703073,USD,,,,,,,,,,5075.0,,,15277.0,,,,,,,,,,,,,9347.0,,,,75000000.0,4675000.0,4675000.0,4675.0,,2800.0,2800.0,,5000.0,,,,,,,,8903.0,0.0,,,,,,,,,,,,,,2200.0,,,,,,,,,,,,,,,,,,,,,,,13903.0,15277.0,,,,,,,,-4243.0,,,6443.0,-4243.0,,,,,,,6443.0,,,,,,,,,,200.0,,,,,,,,,,5730.0,,,,,-8376.0,5000.0,5000.0,,,1374.0,,,,,4553152.0
2018-01-31,2018-03-08,10-Q,VIVIC CORP.,VIVC,CIK0001703073,USD,,,,,,,,,,24360.0,,,33412.0,,,,,,,,,,,,,27995.0,,,,75000000.0,5340000.0,5340000.0,5340.0,,2665.0,2665.0,,,,,,,,,,9166.0,0.0,,,,,,,,,,,,-588.0,,2335.0,2923.0,,,,,,,,,,,,,,,,,,,,,,9166.0,33412.0,,,,,,,,2923.0,,,-588.0,2923.0,,,,,,,-588.0,,,,,,,,,,200.0,,,,,,,,,,5217.0,,,,,-5454.0,5000.0,5000.0,,,24246.0,,,,4876032.0,4876032.0
2018-04-30,2018-06-21,10-K,VIVIC CORP.,VIVC,CIK0001703073,USD,,,,,,,1446.0,,8340.0,24360.0,1446.0,24360.0,18910.0,14206.0,,,,,,,,,,14006.0,,14006.0,9436.0,,0.001,70000000.0,21360000.0,21360000.0,21360.0,-18910.0,9265.0,,,,,,,1446.0,1446.0,10078.0,10078.0,10078.0,0.0,0.21,,,,,,,,,,,25945.0,,7035.0,-18910.0,,,4382.0,-3971.0,411.0,,,,,,,,,,,,,,,,,10078.0,18910.0,10078.0,,,,33050.0,-6150.0,-17464.0,-18910.0,,-18910.0,25945.0,-18910.0,,,,,,,25945.0,,6150.0,,0.001,5000000.0,0.0,0.0,,,200.0,7850.0,25200.0,,,25200.0,,7850.0,,-18910.0,6150.0,4704.0,,,,-20868.0,16300.0,16300.0,5340000.0,8832.0,8832.0,,840000.0,25200.0,19252000.0,4813000.0
2018-07-31,2018-08-29,10-Q,VIVIC CORP.,VIVC,CIK0001703073,USD,,,,,,,,,,24360.0,,,12957.0,,,,,,,,,,,8291.0,,8291.0,-5715.0,,,75000000.0,5340000.0,5340000.0,5340.0,,0.0,,,,,,,513.0,513.0,,,12016.0,0.0,0.21,,,,,,,,,,,7891.0,,0.0,-7891.0,,,1657.0,-1657.0,,,,,,,,,-275.0,,,-275.0,,,,,,12016.0,12957.0,,,,,1938.0,0.0,-7653.0,-7891.0,,,7891.0,-7891.0,,,,,,,7891.0,,,,,,,,,,475.0,1938.0,,,,,,1938.0,,-7891.0,4191.0,,,,,-28759.0,0.0,,,,941.0,,,,5340000.0,5340000.0
2018-10-31,2018-11-30,10-Q,VIVIC CORP.,VIVC,CIK0001703073,USD,,,,,,,,,,24360.0,,,8899.0,,,,,,,,,,,,,4822.0,,,,75000000.0,5340000.0,5340000.0,5340.0,,0.0,,,,,,,,,,,12103.0,,,,,,,,,,,,,,,0.0,,,,,,,,,,,,,,,,,,,,,,,12103.0,8899.0,,,,,,,,,,,,-4145.0,,,,,,,4145.0,,,,,,,,,,399.0,,,,,,,,,,3678.0,,,,,-32904.0,0.0,,,,-3204.0,,,,,5340000.0
2019-01-31,2019-03-26,10-Q,VIVIC CORP.,VIVC,CIK0001703073,USD,,,4500.0,,,7655.0,,,,,,,,,,,,,,,,,,0.0,,,,,,,,,,,,,,,,,,,,0.0,,,0.0,,,,,,,,,,,,12554.0,,,-12554.0,0.0,,,,,,,,,,,,,,,,,,,,,12155.0,,12155.0,,,,,,,-12554.0,,,,-12554.0,,,,,,,,,,,,,,,,,,,,,,,,,,,,0.0,,,,,,,,,,,,,5340000.0,
2019-04-30,2019-08-12,10-K,VIVIC CORP.,VIVC,CIK0001703073,USD,,11255.0,,,6941.0,,,,-60075.0,,,,181519.0,181519.0,,,,,,,,,,,,,156513.0,250000.0,0.001,70000000.0,117384000.0,117384000.0,117384.0,26113.0,,,,,,,,1026.0,1026.0,99937.0,99937.0,,0.0,0.21,,,,,,,,,,3603.0,66921.0,,99975.0,33054.0,6941.0,,,6941.0,,,11255.0,,,6941.0,,,,,,,-10800.0,,,,,118133.0,181519.0,118133.0,,,,121978.0,,34535.0,26113.0,,26113.0,66921.0,33054.0,,,,,,,,,,,0.001,5000000.0,832000.0,832000.0,832.0,,11000.0,,,,,24838.0,,2025.0,99937.0,,,,,,4822.0,5245.0,99975.0,,,63386.0,,,,24838.0,29515464.0,
2019-07-31,2019-09-16,10-Q,VIVIC CORP.,VIVC,CIK0001703073,USD,,15570.0,,,57123.0,,,,27963.0,,,,530427.0,530427.0,,,,,,,,,,,,,204354.0,,0.001,70000000.0,29346000.0,29346000.0,29346.0,,,,,,,,,,,208582.0,,,,0.21,,,,,,,,,,,,,,,,,,50182.0,,,4315.0,,-99000.0,,,,3000.0,,,,,2.0,,2.0,,281275.0,530427.0,281275.0,,,,60091.0,,144263.0,,,,,,,,,,50182.0,,,,,,0.001,5000000.0,832000.0,832000.0,832.0,,8000.0,,,,,,,,60091.0,,,,99000.0,,,191011.0,,,,,,,,,,
2019-09-30,2019-11-14,10-Q,VIVIC CORP.,VIVC,CIK0001703073,USD,,8584.0,,,68514.0,,,,27963.0,,,,551366.0,551366.0,,,,,,,,,,335262.0,,,,,0.001,70000000.0,29346000.0,29346000.0,29346.0,4444.0,,,,,,,,0.0,,206194.0,,,0.0,,,,,,,,,,,,44379.0,,99000.0,54626.0,50182.0,,,,,,,,,,,,,,,,,5.0,,,,283292.0,551366.0,283292.0,,,,,,,4444.0,,4444.0,44379.0,54621.0,,5.0,,,,,,,,,0.001,5000000.0,832000.0,832000.0,832.0,,6115.0,,,,,,,,,,,,,,,209933.0,99000.0,,,268074.0,268074.0,,,,117384000.0,
2020-03-31,2020-05-20,10-Q,VIVIC CORP.,VIVC,CIK0001703073,USD,35458.0,292820.0,,,36361.0,,114518.0,3370.0,24946.0,,,,740181.0,488319.0,,,,,,,,,,325240.0,,,-237263.0,,0.001,70000000.0,32363200.0,32363200.0,32363.0,-68176.0,5158.0,,26337.0,,,25468.0,,9294.0,9294.0,,596712.0,,0.0,,8822.0,,13294.0,5072.0,8222.0,6476.0,3612.0,6476.0,4689.0,,176347.0,,106719.0,-70001.0,9329.0,9031.0,,,,8711.0,-13428.0,,-4000.0,298.0,-10504.0,,,,-11802.0,,-123621.0,17.0,390.0,,390.0,986683.0,740181.0,978461.0,,,109640.0,-21703.0,,-224382.0,-79330.0,-6465.0,-72865.0,176347.0,-69628.0,13294.0,373.0,,,,,,,,,0.001,5000000.0,832000.0,832000.0,832.0,,123621.0,,,,,,,-20468.0,-20468.0,,,251862.0,,4000.0,,-417653.0,111877.0,,,-356142.0,-246502.0,,,,32363200.0,
2020-06-30,2020-08-10,10-Q,VIVIC CORP.,VIVC,CIK0001703073,USD,34269.0,101956.0,,,27032.0,,124050.0,-4376.0,44458.0,,,,594472.0,348350.0,,,,,,,,,,215332.0,,,,,0.001,70000000.0,12850759.0,12850759.0,12851.0,-287881.0,-5158.0,,16506.0,,,78434.0,,9195.0,,,965467.0,,-0.01,,,,13529.0,5182.0,6875.0,6494.0,541.0,6494.0,-7746.0,,358394.0,,47899.0,-296784.0,-9329.0,,,,,,,,,,,,,,,,,44.0,350.0,,,1136175.0,594472.0,1129300.0,,,102320.0,,,,-287455.0,-7320.0,-280135.0,358394.0,-310495.0,12057.0,-13711.0,13651.0,,,13651.0,,,,,0.001,5000000.0,832000.0,832000.0,832.0,,64749.0,,,,,,,,,,,246122.0,,34000.0,,-697788.0,42741.0,,,-644023.0,-541703.0,,,,31793138.0,
2020-09-30,2020-11-12,10-Q,VIVIC CORP.,VIVC,CIK0001703073,USD,124983.0,106924.0,,,5032.0,,138580.0,-15502.0,1341155.0,,,,883499.0,637444.0,,,,,,,,,,276301.0,,,,,0.001,70000000.0,24470166.0,24470166.0,24470.0,-304074.0,3870.0,,6862.0,,143464.0,143464.0,,9496.0,,,197936.0,,-0.06,,,,13498.0,5484.0,5688.0,6749.0,,6749.0,-11126.0,,341450.0,,39363.0,-302322.0,,,,,,,,,,,,,,,,,,13.0,323.0,,,430334.0,883499.0,337146.0,93188.0,87500.0,92946.0,,,,-302322.0,-9374.0,-292948.0,341450.0,-302087.0,11172.0,235.0,75.0,,,75.0,,,,,0.001,5000000.0,832000.0,832000.0,832.0,,172160.0,,,,,,,,,,384635.0,246055.0,,64000.0,,-990736.0,43233.0,,,360219.0,453165.0,,,1308316.0,5227222.0,
2020-12-31,2021-03-29,10-K,VIVIC CORP.,VIVC,CIK0001703073,USD,54018.0,70377.0,12473.0,,29675.0,30343.0,154453.0,-2240.0,1341155.0,,,,881685.0,635410.0,,,,,,,,,,504179.0,,,-58324.0,,0.001,70000000.0,24470166.0,24470166.0,24470.0,-956638.0,3913.0,,,,207384.0,207384.0,77213.0,37890.0,37890.0,,523465.0,,-0.06,,-14188.0,,10185.0,5924.0,4261.0,5923.0,,6016.0,-921.0,,1261761.0,,239595.0,-987524.0,,,,,,25.0,-235871.0,,,-6388.0,-36841.0,,,,-30362.0,,-77213.0,98.0,1365.0,,,733675.0,881685.0,641914.0,91761.0,87500.0,84298.0,1295069.0,-2921.0,-1336284.0,-987524.0,-31807.0,-955717.0,1261761.0,-1022166.0,10185.0,-34642.0,,40034.0,,35909.0,,,2921.0,11325.0,0.001,5000000.0,832000.0,832000.0,832.0,,77213.0,,,,,1308316.0,87500.0,,-93715.0,,400728.0,246275.0,,,,-1300505.0,243508.0,,,63712.0,148010.0,,,1308316.0,15989299.0,
2021-03-31,2021-05-14,10-Q,VIVIC CORP.,VIVC,CIK0001703073,USD,75364.0,764986.0,40891.0,6000.0,29675.0,,163864.0,14930.0,1804885.0,,,,1302807.0,1067247.0,664068.0,89738.0,5203.0,84222.0,10308.0,753806.0,743498.0,313.0,277406.0,592352.0,,,88173.0,,0.001,70000000.0,24939054.0,24939054.0,24939.0,-1348759.0,8012.0,,,,342810.0,342810.0,,10136.0,10136.0,,526943.0,,-0.09,,-8843.0,1126324.0,8657.0,6117.0,2540.0,7004.0,,2843.0,17170.0,,279856.0,1126324.0,11182.0,-1395944.0,,,,,,25314.0,-19551.0,,-6000.0,,,,,,-51459.0,,-232096.0,51.0,1037.0,,263.0,1626778.0,1302807.0,1536738.0,90040.0,87500.0,-223123.0,618777.0,5203.0,-526964.0,-1395944.0,-30015.0,-1365929.0,279856.0,-268674.0,8657.0,1127270.0,,,,40.0,,5203.0,,,0.001,5000000.0,832000.0,832000.0,832.0,,393531.0,,464199.0,,,,,152588.0,3478.0,,399424.0,235560.0,,,,-2666434.0,19194.0,,,-100848.0,-323971.0,,,,17536463.0,
2021-06-30,2021-08-12,10-Q,VIVIC CORP.,VIVC,CIK0001703073,USD,86701.0,817162.0,41835.0,16006.0,29675.0,11734.0,177156.0,14681.0,2267310.0,,,,979148.0,732902.0,,,,,,,,,,148630.0,,,,,0.001,70000000.0,25401942.0,25401942.0,25402.0,-333125.0,136388.0,,,,437739.0,437739.0,35925.0,10779.0,,,247401.0,,-0.02,,,,8030.0,6267.0,969.0,7111.0,,919.0,-249.0,,353480.0,,-36567.0,-390329.0,,,,,,,,,,,,,,,,,,60.0,302.0,,,1230809.0,979148.0,1142340.0,88469.0,87500.0,-280576.0,,,,-390329.0,-57453.0,-332876.0,353480.0,-390047.0,7236.0,282.0,,797770.0,,-40.0,,,,,0.001,5000000.0,832000.0,832000.0,832.0,445640.0,481565.0,,,,,,,,,,423402.0,246246.0,,,,-2999310.0,99821.0,,,28915.0,-251661.0,,,,25288792.0,
2021-09-30,2021-11-15,10-Q,VIVIC CORP.,VIVC,CIK0001703073,USD,63802.0,836307.0,82237.0,1738.0,4675.0,19557.0,188193.0,14716.0,2481046.0,,,,838103.0,457677.0,,,,,,,,,,61370.0,,,,,0.001,70000000.0,25556810.0,25556810.0,25557.0,-382695.0,46050.0,,,,532380.0,532380.0,37463.0,11064.0,,,353635.0,,-0.02,,,89610.0,5639.0,5639.0,,,,,35.0,,445080.0,,116675.0,-416896.0,459.0,,,,,,,,,,,,,,,,,1477.0,1593.0,,,1369993.0,838103.0,1282493.0,87500.0,87500.0,-392001.0,,,,-417355.0,-34625.0,-382730.0,445080.0,-328405.0,5639.0,88491.0,,812844.0,,1235.0,,-17777.0,,,0.001,5000000.0,832000.0,832000.0,832.0,293304.0,330767.0,,,,,,,,,,568619.0,380426.0,,,,-3382040.0,162725.0,,,-139889.0,-531890.0,,,,25433710.0,
