end,filed,form,Name,Ticker,CIK,Currency,AccountsPayableAndAccruedLiabilitiesCurrent,AccountsPayableAndAccruedLiabilitiesCurrentAndNoncurrent,AccountsPayableAndAccruedLiabilitiesNoncurrent,AccountsPayableCurrent,AccountsPayableTradeCurrent,AccountsPayableTradeCurrentAndNoncurrent,AccretionExpense,AccretionExpenseIncludingAssetRetirementObligations,AccretionOfDiscount,AccruedLiabilitiesCurrent,AdditionalPaidInCapital,AdditionalPaidInCapitalCommonStock,AdjustmentsToAdditionalPaidInCapitalShareBasedCompensationStockOptionsRequisiteServicePeriodRecognition,AdjustmentsToAdditionalPaidInCapitalWarrantIssued,AdvanceRoyalties,AmortizationOfFinancingCosts,AmortizationOfIntangibleAssets,Assets,AssetsCurrent,AssetsOfDisposalGroupIncludingDiscontinuedOperationNoncurrent,BankOverdrafts,Cash,CashAcquiredFromAcquisition,CashAndCashEquivalentsPeriodIncreaseDecrease,CashProvidedByUsedInFinancingActivitiesDiscontinuedOperations,CashProvidedByUsedInInvestingActivitiesDiscontinuedOperations,CashProvidedByUsedInOperatingActivitiesDiscontinuedOperations,CommitmentsAndContingencies,CommonStockParOrStatedValuePerShare,CommonStockSharesAuthorized,CommonStockSharesIssued,CommonStockSharesOutstanding,CommonStockSharesSubscribedButUnissued,CommonStockSharesSubscriptions,CommonStockValue,ConvertibleDebtCurrent,ConvertibleNotesPayable,ConvertibleNotesPayableCurrent,ConvertiblePreferredDividendsNetOfTax,CostOfRevenue,DebtConversionConvertedInstrumentSharesIssued1,DebtConversionOriginalDebtAmount1,DebtInstrumentConvertibleBeneficialConversionFeature,DeferredCostsCurrentAndNoncurrent,DeferredFinanceCostsCurrentNet,DeferredTaxAssetsOperatingLossCarryforwards,DeferredTaxAssetsValuationAllowance,Depreciation,DerivativeGainLossOnDerivativeNet,DerivativeLiabilities,DerivativeLiabilitiesCurrent,DerivativeLiabilitiesNoncurrent,DevelopmentStageEnterpriseDeficitAccumulatedDuringDevelopmentStage,DiscontinuedOperationGainLossOnDisposalOfDiscontinuedOperationNetOfTax,DiscontinuedOperationIncomeLossFromDiscontinuedOperationDuringPhaseOutPeriodNetOfTax,DisposalGroupIncludingDiscontinuedOperationCashAndCashEquivalents,DividendsPreferredStock,DueToRelatedPartiesCurrent,EarningsPerShareBasicAndDiluted,EffectiveIncomeTaxRateReconciliationAtFederalStatutoryIncomeTaxRate,EffectOfExchangeRateOnCashAndCashEquivalents,ExcessStockSharesIssued,ExtinguishmentOfDebtAmount,ExtinguishmentOfDebtGainLossNetOfTax,FairValueAdjustmentOfWarrants,FairValueNetDerivativeAssetLiabilityMeasuredOnRecurringBasisUnobservableInputsReconciliationGainLossIncludedInEarnings,FairValueOfAssetsAcquired,FairValueOptionChangesInFairValueGainLoss1,ForeignCurrencyTransactionGainLossBeforeTax,GainLossOnDerivativeInstrumentsNetPretax,GainsLossesOnExtinguishmentOfDebt,GeneralAndAdministrativeExpense,GeneralContractorCosts,GoodwillAndIntangibleAssetImpairment,GoodwillImpairmentLoss,GrossProfit,ImpairmentOfIntangibleAssetsExcludingGoodwill,IncomeLossFromContinuingOperationsBeforeIncomeTaxesMinorityInterestAndIncomeLossFromEquityMethodInvestments,IncomeLossFromContinuingOperationsPerDilutedShare,IncomeLossFromDiscontinuedOperationsNetOfTax,IncomeLossFromDiscontinuedOperationsNetOfTaxPerBasicAndDilutedShare,IncomeTaxesPaid,IncomeTaxReconciliationChangeInDeferredTaxAssetsValuationAllowance,IncreaseDecreaseInAccountsPayableAndAccruedLiabilities,IncreaseDecreaseInAccountsReceivable,IncreaseDecreaseInAccruedInterestReceivableNet,IncreaseDecreaseInAccruedLiabilities,IncreaseDecreaseInDeferredRevenue,IncreaseDecreaseInDerivativeLiabilities,IncreaseDecreaseInDueToRelatedParties,IncreaseDecreaseInInterestPayableNet,IncreaseDecreaseInNotesPayableCurrent,IncreaseDecreaseInOtherCurrentAssetsAndLiabilitiesNet,IncreaseDecreaseInPrepaidExpense,InterestExpense,InterestExpenseOther,InterestPaid,InvestmentIncomeInterest,IssuanceOfStockAndWarrantsForServicesOrClaims,Liabilities,LiabilitiesAndStockholdersEquity,LiabilitiesOfDisposalGroupIncludingDiscontinuedOperationCurrent,LoansReceivableNet,LongTermInvestments,ManagementFeeExpense,MarketingAndAdvertisingExpense,MinorityInterestOwnershipPercentageByNoncontrollingOwners,NetCashProvidedByUsedInDiscontinuedOperations,NetCashProvidedByUsedInFinancingActivitiesContinuingOperations,NetCashProvidedByUsedInInvestingActivitiesContinuingOperations,NetCashProvidedByUsedInOperatingActivitiesContinuingOperations,NetIncomeLoss,NonoperatingIncomeExpense,NotesAndLoansReceivableNetCurrent,NotesPayableCurrent,NotesReduction,OfficersCompensation,OperatingExpenses,OperatingIncomeLoss,OptionIndexedToIssuersEquitySettlementAlternativesSharesAtFairValue,OriginationOfNotesReceivableFromRelatedParties,OtherComprehensiveIncomeForeignCurrencyTransactionAndTranslationAdjustmentBeforeTaxPortionAttributableToParent,OtherComprehensiveIncomeLossBeforeReclassificationsNetOfTax,OtherNoncashIncomeExpense,OtherNonoperatingExpense,OtherNonoperatingIncomeExpense,OtherOperatingIncome,PaymentsForLegalSettlements,PaymentsOfFinancingCosts,PaymentsOfStockIssuanceCosts,PaymentsToAcquireIntangibleAssets,PaymentsToAcquireLoansReceivable,PaymentsToAcquirePropertyPlantAndEquipment,PreferredStockNoParValue,PreferredStockSharesAuthorized,PreferredStockValue,PrepaidExpenseCurrent,PrepaidRoyalties,ProceedsFromBankDebt,ProceedsFromDivestitureOfInterestInSubsidiariesAndAffiliates,ProceedsFromIssuanceOfCommonStock,ProceedsFromIssuanceOfPreferredStockAndPreferenceStock,ProceedsFromNotesPayable,ProceedsFromOtherDeposits,ProceedsFromRelatedPartyDebt,ProfessionalFees,PropertyPlantAndEquipmentNet,ReceivableForRecoveryOfImportDutiesNetCurrent,ReclassificationsOfTemporaryToPermanentEquity,RepaymentsOfBankDebt,RepaymentsOfNotesPayable,RepaymentsOfRelatedPartyDebt,ResearchAndDevelopmentExpense,RetainedEarningsAccumulatedDeficit,Revenues,SalariesAndWages,SecuredDemandNoteDeficiency,ShareBasedCompensation,ShareBasedGoodsAndNonemployeeServicesTransactionCapitalizedCost,StockholdersEquity,StockholdersEquityNoteChangesInCapitalStructureSubsequentChangesToNumberOfCommonShares,StockIssuedDuringPeriodSharesConversionOfConvertibleSecurities,StockIssuedDuringPeriodValueAcquisitions,StockIssuedDuringPeriodValueConversionOfConvertibleSecurities,StockIssuedDuringPeriodValueConversionOfConvertibleSecuritiesNetOfAdjustments,StockIssuedDuringPeriodValueIssuedForCash,StockIssuedDuringPeriodValueIssuedForServices,StockIssuedDuringPeriodValueNewIssues,StockIssuedDuringPeriodValueOther,StockIssuedDuringPeriodValueShareBasedCompensation,StockIssuedDuringPeriodValueStockDividend,SubscriptionRevenue,TemporaryEquityParOrStatedValuePerShare,WeightedAverageNumberOfDilutedSharesOutstanding
2009-10-31,2010-02-16,10-K,ON4 COMMUNICATIONS INC.,ONCI,CIK0001300867,USD,,,,,,,,,,,,,,,,,,,,,,473.0,,,,,,,,,,,,,,,,,,,,,,,,,,,,,,,,,,,,,,,,,,,,,,,,,,,,,,,,,,,,,,,,,,,,,,,,,,,,,,,,,,,,,,,,,,,,,,,,,,,,,,,,1026834.0,,,,,,,,,,,,,,,,,,,,,,,,,,,,,,,,,,-1742998.0,,,,,,,,,,,,,,
2010-07-31,2010-09-30,10-Q,ON4 COMMUNICATIONS INC.,ONCI,CIK0001300867,USD,,,,,,,,,,,,,,,,,1739.0,,,,,113.0,,,,,,,,,,,,,,,,,,0.0,,,,,,,,-546.0,,,,,,0.0,42048.0,,,,,,,,,,,,,,1410.0,,469506.0,32653.0,-5.0,,0.0,0.0,0.0,326328.0,0.01,42048.0,,,,,,,,,,,,,,,12987.0,,,0.0,,,,,,,,0.0,,,,,,368376.0,456519.0,,,0.0,45000.0,130191.0,-130191.0,,,,,,,,,,,,,,,,,,,,,,,,,,,51011.0,,,,,,,1749.0,,0.0,0.0,,,,,,,,,,,,,,,,,,62045000.0
2010-10-31,2011-03-18,10-K,ON4 COMMUNICATIONS INC.,ONCI,CIK0001300867,USD,569334.0,,,625086.0,,,75000.0,,,138514.0,11870626.0,,307133.0,,,,6954.0,11152.0,7558.0,1502.0,,7558.0,0.0,7085.0,0.0,0.0,-447.0,,0.0001,100000000.0,66602490.0,66602490.0,,70000.0,6660.0,,,,,,,,75000.0,,,,,4294.0,,,,,13493801.0,0.0,-55922.0,,,327049.0,,,18649.0,,,,,,,307133.0,-28456.0,,460729.0,116707.0,718632.0,,1223708.0,,0.0,-2352914.0,-0.03,-55922.0,,0.0,,259966.0,-90385.0,,,-90385.0,,140583.0,267660.0,,,5276.0,222352.0,,0.0,0.0,408000.0,1557667.0,11152.0,55752.0,,0.0,,10648.0,,-447.0,116692.0,-2188.0,-125621.0,-2408836.0,238377.0,,467018.0,0.0,225000.0,2591291.0,-2591291.0,,0.0,,,,,1524551.0,,,,0.0,0.0,,2897.0,,10000000.0,0.0,,,,709.0,0.0,0.0,75000.0,,81472.0,248160.0,2092.0,,,,0.0,39780.0,8732.0,,0.0,0.0,,307133.0,,-1546515.0,,,,170024.0,,,408000.0,,,408000.0,,,,70174000.0
2011-01-31,2011-03-22,10-Q,ON4 COMMUNICATIONS INC.,ONCI,CIK0001300867,USD,,,,,,,0.0,,,,,,,,,0.0,0.0,,,,,647.0,0.0,-6911.0,0.0,0.0,0.0,,,,,,,,,,,,,,,,,,,,,242.0,,,,,,0.0,-4910.0,,,,,,0.0,,,,,,,,-3528.0,,0.0,8129.0,18808.0,,0.0,,0.0,-58999.0,,-4910.0,,0.0,,12281.0,0.0,,,0.0,,24933.0,18323.0,,,0.0,19807.0,,0.0,0.0,0.0,,,,,,,0.0,,0.0,0.0,0.0,-6911.0,-63909.0,-19807.0,,,0.0,0.0,39192.0,-39192.0,,0.0,,,,,,,,,0.0,0.0,0.0,0.0,,,,,,,0.0,0.0,0.0,0.0,,0.0,8485.0,,,,,0.0,0.0,0.0,,0.0,0.0,,-3691.0,,,,,,,,,,,,,,,,66602490.0
2011-04-30,2011-06-17,10-Q,ON4 COMMUNICATIONS INC.,ONCI,CIK0001300867,USD,,,,,,,,,,,,,,,,,0.0,,,,,588.0,,,,,,,,,,,,,,,,,,,,,,,,,,241.0,,,,,,76834.0,-3144.0,,,,,,,,,,,,,,-12533.0,,0.0,7403.0,-21000.0,,0.0,,0.0,-53052.0,,73690.0,,,,,,,,,,,,,,,23861.0,,,0.0,,,,,,,,0.0,,,,,,20638.0,-23861.0,,,0.0,0.0,29191.0,-29191.0,,,,,,,,,,,,,,,,,,,,,,,,,,,30014.0,,,,,,,0.0,,0.0,0.0,,,,,,,,,,,,,,,,,,99875000.0
2011-07-31,2011-09-19,10-Q,ON4 COMMUNICATIONS INC.,ONCI,CIK0001300867,USD,,,,601408.0,,,0.0,,,201638.0,11866935.0,,,,,,0.0,1982.0,613.0,,,613.0,,,,,,,,,,,,70000.0,6660.0,,,,,0.0,,,,,,,,242.0,,,,,13592943.0,0.0,0.0,,,379594.0,,,,,,,,,,,666.0,0.0,1985.0,7288.0,0.0,,0.0,0.0,0.0,-55871.0,,0.0,,,,,,,,,,,,,,,35626.0,,,0.0,,1651330.0,1982.0,,,1.0,,0.0,,,,,,-55871.0,-33641.0,,468690.0,0.0,0.0,22230.0,-22230.0,,,,,,,,,,,,,,,,,0.0,,,,,,,,,,15366.0,1368.0,,,,,,0.0,,0.0,0.0,,,,-1649348.0,,,,,,,,,,,,,,66602000.0
2011-10-31,2012-02-03,10-K,ON4 COMMUNICATIONS INC.,ONCI,CIK0001300867,USD,772481.0,,,,,,0.0,,0.0,223915.0,11866935.0,,,,,0.0,0.0,1126.0,0.0,0.0,,0.0,0.0,-7558.0,0.0,0.0,0.0,,0.0001,600000000.0,66602490.0,66602490.0,,70000.0,6660.0,0.0,0.0,0.0,,,,,,0.0,0.0,,,966.0,0.0,,0.0,,13489346.0,76834.0,-8085.0,,,205338.0,,,0.0,,,,,,,,-4902.0,0.0,160358.0,35074.0,1500.0,,0.0,,0.0,-64294.0,,68749.0,,0.0,,40714.0,0.0,,,0.0,,78704.0,85401.0,,,0.0,116414.0,,0.0,0.0,0.0,1546877.0,1126.0,0.0,,,,0.0,,0.0,0.0,15000.0,-22558.0,4455.0,43944.0,0.0,345143.0,0.0,0.0,108238.0,-108238.0,,0.0,,,,,231771.0,,,0.0,0.0,0.0,0.0,0.0,0.0,30000000.0,0.0,0.0,,,15000.0,0.0,0.0,0.0,,0.0,65796.0,1126.0,,,,0.0,0.0,0.0,,0.0,0.0,,-3691.0,,-1545751.0,,,,,,,,,,,,,,66602490.0
2012-01-31,2012-03-15,10-Q,ON4 COMMUNICATIONS INC.,ONCI,CIK0001300867,USD,460165.0,,,,,,0.0,,0.0,246699.0,11866935.0,,,,,278.0,0.0,12804.0,12804.0,,,39.0,0.0,39.0,0.0,0.0,0.0,,0.0001,100000000.0,66602490.0,66602490.0,,70000.0,6660.0,,,47500.0,,,,,,,2222.0,,,241.0,0.0,,,,13566732.0,0.0,0.0,,,414167.0,,,0.0,,,,,,,,2686.0,0.0,0.0,1436.0,0.0,,0.0,,885.0,-77386.0,,0.0,,0.0,,16558.0,0.0,,,0.0,,8414.0,22784.0,,,6192.0,38154.0,,0.0,0.0,0.0,1635941.0,12804.0,,,,,0.0,,0.0,45000.0,-10543.0,-34418.0,-77386.0,-38432.0,10543.0,467410.0,0.0,10949.0,38954.0,-38954.0,,0.0,,,,,,,,0.0,0.0,0.0,10543.0,0.0,,10000000.0,0.0,,,,0.0,0.0,0.0,45000.0,0.0,0.0,28129.0,0.0,,,,0.0,0.0,0.0,,0.0,0.0,,0.0,,-1623137.0,,,,,,,,,,,,,,66602490.0
2012-04-30,2012-06-14,10-Q,ON4 COMMUNICATIONS INC.,ONCI,CIK0001300867,USD,448080.0,,,,,,,,,270967.0,11915535.0,,,,,,0.0,42348.0,42348.0,,,1280.0,,,,,,,0.0001,,68102490.0,68102490.0,,70000.0,6810.0,,,122500.0,,,,,,,5973.0,,,0.0,,,,,13693648.0,0.0,0.0,,,434319.0,,,,,,,,,,,-5085.0,,0.0,11544.0,48750.0,,0.0,,0.0,-126916.0,,0.0,,,,,,,,,,,,,,,25462.0,,,0.0,,1743651.0,42348.0,,,,10949.0,0.0,,,,,,-126916.0,-25462.0,35095.0,467785.0,0.0,16706.0,101454.0,-101454.0,,,,,,,,,,,,,,,,10000000.0,0.0,,,,,,,,,,19369.0,0.0,,,,,,0.0,,0.0,0.0,,,,-1701303.0,,,,,,,,,,,,,,67108000.0
2012-07-31,2012-09-14,10-Q,ON4 COMMUNICATIONS INC.,ONCI,CIK0001300867,USD,450568.0,,,,,,17629.0,,,296822.0,11915535.0,,,,,3332.0,0.0,43418.0,43418.0,,,299.0,,,,,,,0.0001,200000000.0,68102490.0,68102490.0,,70000.0,6810.0,125129.0,29871.0,,,,,,,,5141.0,,,0.0,,,78757.0,,13814321.0,0.0,0.0,,,446710.0,,,,,,,,,,,2702.0,-31257.0,0.0,2345.0,0.0,,0.0,,0.0,-120673.0,,0.0,,,,,,,,,,,,,,,42235.0,,,0.0,,1865394.0,43418.0,,,,,0.0,,,,,,-120673.0,-94453.0,37563.0,467408.0,0.0,16519.0,26220.0,-26220.0,,,,,,,,,,,,,,,0.0,10000000.0,0.0,415.0,,,,,,,,,10058.0,0.0,,,,,,0.0,,0.0,0.0,,,,-1821976.0,,,,,,,,,,,,,,68102000.0
2012-10-31,2013-02-13,10-K,ON4 COMMUNICATIONS INC.,ONCI,CIK0001300867,USD,1214181.0,1214181.0,,,,884489.0,163115.0,,163115.0,329692.0,12579860.0,502209.0,,,,10123.0,0.0,82449.0,78572.0,,0.0,370.0,0.0,370.0,,,,,0.0001,600000000.0,268755.0,268755.0,,70000.0,27.0,65615.0,44385.0,,,,,,,3877.0,,2572377.0,-2572377.0,241.0,-48750.0,,103747.0,,14396747.0,0.0,0.0,,,2329.0,,0.34,-138.0,,,,,398456.0,,,-295.0,-398456.0,0.0,23676.0,52440.0,,0.0,,885.0,-907401.0,-0.01,0.0,-5.64,,-117199.0,132512.0,0.0,,,,502209.0,33529.0,110677.0,167400.0,,0.0,145176.0,329692.0,,0.0,48750.0,1817242.0,82449.0,,78202.0,,44175.0,0.0,,0.0,198500.0,-78202.0,-119790.0,-907401.0,-716870.0,78202.0,431370.0,0.0,44175.0,190531.0,-190531.0,,0.0,,-907401.0,,,344704.0,,,14000.0,0.0,0.0,78202.0,0.0,0.0,30000000.0,0.0,,,,0.0,0.0,0.0,212500.0,,0.0,68819.0,0.0,309795.0,-191317.0,,0.0,0.0,0.0,,0.0,0.0,,398456.0,,-1734793.0,117416.0,,,167400.0,,,48750.0,,,48750.0,,,,161000.0
2013-01-31,2013-03-25,10-Q,ON4 COMMUNICATIONS INC.,ONCI,CIK0001300867,USD,680617.0,,,,,,80124.0,,80124.0,353801.0,12814625.0,,,,,2722.0,0.0,97348.0,93693.0,,103.0,0.0,0.0,-370.0,0.0,0.0,0.0,,0.0001,,186554434.0,186554434.0,,70000.0,18655.0,68766.0,56761.0,,,,,,,3655.0,,,,0.0,-139411.0,,172825.0,,14711114.0,0.0,0.0,,,237657.0,-0.89,,43.0,,,,,139411.0,,,-1241.0,-139411.0,0.0,2991.0,5232.0,,0.0,,0.0,-314367.0,,0.0,,,,58295.0,0.0,,,,,-1210.0,25629.0,,,0.0,44355.0,,,0.0,0.0,1905182.0,97348.0,,,,15610.0,0.0,,0.0,50103.0,-15491.0,-35025.0,-314367.0,-266612.0,93693.0,391413.0,0.0,15610.0,47755.0,-47755.0,,0.0,,,,,,,,2500.0,0.0,0.0,15491.0,0.0,0.0,,0.0,,,,0.0,0.0,0.0,52500.0,103.0,0.0,22681.0,,,,-103.0,0.0,0.0,0.0,,0.0,0.0,,0.0,,-1807834.0,,,,,,,,,78493.0,,,,,355000.0
2013-04-30,2013-06-21,10-Q,ON4 COMMUNICATIONS INC.,ONCI,CIK0001300867,USD,681625.0,,,,,,72913.0,,,377095.0,13045099.0,,,,,3409.0,,136585.0,132339.0,,390.0,,,,,,,,0.0001,600000000.0,284755897.0,284755897.0,,70000.0,28475.0,135652.0,43848.0,,,,,,,4246.0,,,,,,,101439.0,,14931682.0,,,,,237332.0,-0.43,,,,,,,172134.0,,,1259.0,-32723.0,,5843.0,,,,,,-220568.0,,,,,,,,,,,,,,,,,25793.0,,,,,1924693.0,136585.0,,132339.0,,,62000.0,,,,,,-220568.0,-134838.0,132339.0,391160.0,,,85730.0,-85730.0,,,,,,,,,,,,,,,0.0,30000000.0,,,,,,,,,,,19146.0,,,,,,,,14931682.0,,,1792354.0,,,-1788108.0,,,,,,,,,,,,,,507933.0
2013-07-31,2013-09-23,10-Q,ON4 COMMUNICATIONS INC.,ONCI,CIK0001300867,USD,916803.0,,,,,,62958.0,,,393946.0,13237328.0,,,,,1981.0,,132837.0,130572.0,,440.0,0.0,,,,,,,0.0001,600000000.0,454499323.0,454499323.0,,70000.0,45450.0,125710.0,29640.0,,,,,,,2265.0,,,,,,,42368.0,,15125077.0,,,,,35221.0,-0.43,,,,,,,,,,2789.0,-41653.0,,1878.0,0.0,,,,,-193395.0,,,,,,,,,62306.0,,,,,,,,72842.0,,,,,1905136.0,132837.0,,130572.0,,,0.0,,,,,,-193238.0,-179434.0,130572.0,390648.0,,4028.0,13804.0,-13804.0,,,,,62306.0,,,,,,,,,,0.0,30000000.0,,,,,,,,,,,10687.0,,,,,,,,15125077.0,,,1774564.0,,,-1772299.0,,,,,,,,,,,,,,326767971.0
2013-10-31,2014-03-18,10-K,ON4 COMMUNICATIONS INC.,ONCI,CIK0001300867,USD,1378983.0,1378983.0,,,956100.0,956100.0,263786.0,,263786.0,422883.0,13381883.0,538109.0,,,,9599.0,,121868.0,121090.0,,1022.0,0.0,,-370.0,,,,0.0,0.0001,600000000.0,1465566.0,1465566.0,,70000.0,147.0,80933.0,38099.0,,,,,,,778.0,,2690998.0,-2690998.0,,-298493.0,,121632.0,,15307910.0,,,,,4858.0,,0.34,-1050.0,,,,,298493.0,,,4840.0,-298493.0,,13661.0,5232.0,,,,,-911163.0,,,-1.27,,-118621.0,171302.0,,,,,538109.0,2529.0,,,,,173399.0,422883.0,,,,1977748.0,121868.0,,121090.0,,19638.0,62000.0,,,147022.0,-42888.0,-103454.0,-911163.0,-745277.0,121090.0,390320.0,,19638.0,165886.0,-165886.0,,,,-911163.0,,7914699.0,348884.0,7914699.0,,6500.0,,,42888.0,,0.0,30000000.0,0.0,,,1022.0,,,,152500.0,,,70195.0,,308516.0,-191174.0,,,,,15307910.0,,,1856658.0,,,-1855880.0,,,,,,,,,,,,,,717000.0
2014-01-31,2014-03-24,10-Q,ON4 COMMUNICATIONS INC.,ONCI,CIK0001300867,USD,1437456.0,,,,992647.0,,37997.0,37513.0,37997.0,444809.0,13400481.0,,,,,653.0,,116794.0,116669.0,,926.0,,,,,,,,0.0001,600000000.0,2146728.0,2146728.0,,70000.0,215.0,115832.0,102.0,,,,,,,125.0,,,,,-144097.0,,250161.0,,15551615.0,,,,,4548.0,-0.13,,,,,,,144097.0,,,10429.0,-144097.0,,352.0,,,,,,-243705.0,,,,,,58473.0,,,,,,-1840.0,,3098.0,,,45511.0,,,,,2197713.0,116794.0,,116669.0,,,,,,-96.0,4421.0,-4325.0,-243705.0,-228258.0,116669.0,388790.0,,,15447.0,-15447.0,,,,,,,,,,,,,-4421.0,,30000000.0,30000000.0,,,,,,,,,,,25524.0,,,,96.0,,,,15551615.0,,,2081044.0,,,-2080919.0,681162.0,681162.0,,,3098.0,,,,3098.0,,,,,1895000.0
2014-04-30,2014-06-23,10-Q,ON4 COMMUNICATIONS INC.,ONCI,CIK0001300867,USD,1484645.0,,,,1017636.0,,102.0,,,467009.0,13518723.0,,,,,125.0,,117639.0,117639.0,,,,,,,,,,0.0001,600000000.0,12075121.0,12075121.0,,70000.0,1208.0,167740.0,0.0,,,,,,,,,,,,,,208327.0,,15762416.0,,,,,40622.0,-0.04,,,,,,,,,,-2681.0,28793.0,,3775.0,,,,,,-210801.0,,,,,,,,,,,,,,,,,23799.0,,,,,2290124.0,117639.0,,117639.0,,,55000.0,,,,,,-210801.0,4767.0,117639.0,388790.0,,139000.0,215568.0,-215568.0,,,,,,,,,,,,,,,0.0,30000000.0,,,,,,,,,,,15112.0,,,,,,,,15762416.0,,,2172485.0,,,-2172485.0,,,,,,,,,,,,,,4686000.0
2014-07-31,2014-10-01,10-Q,ON4 COMMUNICATIONS INC.,ONCI,CIK0001300867,USD,1551029.0,,,,1062087.0,,0.0,,,488942.0,13631281.0,,,,5000.0,0.0,,117952.0,117952.0,,0.0,0.0,,,,,,0.0,0.0001,600000000.0,12075121.0,12075121.0,,70000.0,2110.0,145116.0,0.0,,,,,,,0.0,,,,,,,84303.0,,15894962.0,,,,,143546.0,-0.01,,,27955089.0,,,,,,,-827.0,49892.0,,0.0,0.0,,,,,,,,,,,,,,,,,,,,,,47662.0,,,,,2309523.0,117952.0,,117952.0,,,0.0,0.68,,,,,-132546.0,-10729.0,117952.0,385529.0,,102900.0,121817.0,-121817.0,,,,,,,,,,,,,,,0.0,30000000.0,0.0,,,,,,,,,,18090.0,,,,,,,,15894962.0,,,2191571.0,,,-2191571.0,,,,,,,,,,,,,,16586508.0
