end,filed,form,Name,Ticker,CIK,Currency,AccountsPayableAndAccruedLiabilitiesCurrent,AccountsPayableCurrent,AccruedLiabilitiesCurrent,AdditionalPaidInCapital,AdjustmentsToAdditionalPaidInCapitalOther,AdjustmentsToAdditionalPaidInCapitalStockIssuedIssuanceCosts,Assets,AssetsCurrent,Cash,CashAndCashEquivalentsPeriodIncreaseDecrease,CashCashEquivalentsRestrictedCashAndRestrictedCashEquivalentsPeriodIncreaseDecreaseIncludingExchangeRateEffect,CommitmentsAndContingencies,CommonStockParOrStatedValuePerShare,CommonStockParOrStatedValuePerShare,CommonStockSharesAuthorized,CommonStockSharesIssued,CommonStockSharesOutstanding,CommonStockSharesSubscribedButUnissued,CommonStockSharesSubscriptions,CommonStockSharesSubscriptions,CommonStockValue,DebtConversionConvertedInstrumentAmount1,DebtConversionConvertedInstrumentSharesIssued1,DebtConversionOriginalDebtAmount1,DebtConversionOriginalDebtAmount1,DeferredTaxAssetsGross,DeferredTaxAssetsNet,DeferredTaxAssetsOperatingLossCarryforwards,DeferredTaxAssetsPropertyPlantAndEquipment,DeferredTaxAssetsValuationAllowance,Depreciation,DevelopmentStageEnterpriseDeficitAccumulatedDuringDevelopmentStage,DueToRelatedPartiesCurrent,EarningsPerShareBasicAndDiluted,EffectiveIncomeTaxRateContinuingOperations,EffectOfExchangeRateOnCashAndCashEquivalents,ExplorationExpense,ExplorationExpenseMining,ExtinguishmentOfDebtAmount,ExtinguishmentOfDebtAmount,ForeignCurrencyTransactionGainLossBeforeTax,ForeignCurrencyTransactionGainLossRealized,GainsLossesOnExtinguishmentOfDebt,GeneralAndAdministrativeExpense,ImpairmentOfOngoingProject,IncomeTaxExaminationPenaltiesAndInterestExpense,IncomeTaxExpenseBenefit,IncomeTaxesPaid,IncomeTaxReceivable,IncomeTaxReconciliationChangeInDeferredTaxAssetsValuationAllowance,IncomeTaxReconciliationIncomeTaxExpenseBenefitAtFederalStatutoryIncomeTaxRate,IncomeTaxReconciliationOtherAdjustments,IncreaseDecreaseInAccountsPayable,IncreaseDecreaseInAccountsPayableRelatedParties,IncreaseDecreaseInAccountsPayableTrade,IncreaseDecreaseInAccruedLiabilities,IncreaseDecreaseInDueToRelatedParties,IncreaseDecreaseInIncomeTaxesReceivable,IncreaseDecreaseInOtherReceivables,IncreaseDecreaseInPrepaidExpense,IncreaseDecreaseInReceivables,InterestIncomeExpenseNet,InterestPaid,InterestPaidNet,InterestReceivableCurrent,InvestmentIncomeInterest,IssuanceOfStockAndWarrantsForServicesOrClaims,Liabilities,LiabilitiesAndStockholdersEquity,LiabilitiesCurrent,LoansAndLeasesReceivableRelatedParties,LoansPayableCurrent,MineralPropertiesNet,MineralRights,MineralRights,NetCashProvidedByUsedInFinancingActivities,NetCashProvidedByUsedInInvestingActivities,NetCashProvidedByUsedInOperatingActivities,NetIncomeLoss,NonoperatingIncomeExpense,OperatingExpenses,OperatingIncomeLoss,OperatingLossCarryforwards,OtherComprehensiveIncomeLossForeignCurrencyTransactionAndTranslationAdjustmentNetOfTax,OtherLiabilitiesCurrent,OtherNonoperatingIncomeExpense,OtherReceivablesNetCurrent,PaymentsOfStockIssuanceCosts,PaymentsToAcquireMineralRights,PaymentsToAcquirePropertyPlantAndEquipment,PaymentsToFundLongtermLoansToRelatedParties,PrepaidExpenseCurrent,ProceedsFromBankDebt,ProceedsFromIssuanceOfCommonStock,ProceedsFromIssuanceOfPrivatePlacement,ProceedsFromIssuanceOfPrivatePlacement,ProceedsFromOtherDebt,ProceedsFromRelatedPartyDebt,ProceedsFromRepaymentsOfShortTermDebt,ProceedsFromShortTermDebt,PropertyPlantAndEquipmentNet,ProvisionForDoubtfulAccounts,ReceivablesNetCurrent,RepaymentsOfOtherDebt,RepaymentsOfRelatedPartyDebt,RepaymentsOfShortTermDebt,RetainedEarningsAccumulatedDeficit,Revenues,SaleOfStockPricePerShare,ShareBasedCompensation,ShareBasedCompensationArrangementByShareBasedPaymentAwardOptionsExercisableNumber,ShareBasedCompensationArrangementByShareBasedPaymentAwardOptionsExercisableWeightedAverageExercisePrice,ShareBasedGoodsAndNonemployeeServicesTransactionStockholdersEquity,ShortTermBankLoansAndNotesPayable,ShortTermBorrowings,StockholdersEquity,StockIssued1,StockIssuedDuringPeriodSharesIssuedForServices,StockIssuedDuringPeriodSharesNewIssues,StockIssuedDuringPeriodValueIssuedForServices,StockIssuedDuringPeriodValueNewIssues,ValueAddedTaxReceivableCurrent,WeightedAverageNumberOfDilutedSharesOutstanding,WeightedAverageNumberOfShareOutstandingBasicAndDiluted,AccountsPayableRelatedPartiesCurrent
2009-05-31,2009-10-09,10-K,WOLVERINE TECHNOLOGIES CORP.,WOLV,CIK0001424404,USD,,,,,,,,,,,,,,,,,,,,,,,,,,,,,,,,,,,,,,,,,,,,,,,,,,,,,,,,,,,,,,,,,,,,,,,,,,,,,,,-583400.0,,,,,-674.0,,,,,,,,,,,,,,,,,,,,,,,,,,,,,,,,-352421.0,,,,,,,,,
2010-05-31,2010-08-31,10-K,WOLVERINE TECHNOLOGIES CORP.,WOLV,CIK0001424404,USD,,,,,,,,,96712.0,,,,,,,,,,,,,,,,,,,,,,,,,,,,,,,,,,,,,,,,,,,,,,,,,,,,,,,,,,,,,,,,,,,,,,-1163186.0,,,,,,,,,,,,,,,,,,,,,,,,,,,,,,,,,,746277.0,,,-52030.0,,,,,177000.0,,,,
2010-08-31,2010-10-15,10-Q,WOLVERINE TECHNOLOGIES CORP.,WOLV,CIK0001424404,USD,,,,,,,,,183907.0,87195.0,,,,,,,,,,,,,,,,,,,,,271.0,,,,,,,,,,1387.0,,0.0,99700.0,,,,,,,,,52922.0,,,657.0,-12692.0,,,17918.0,1075.0,,,,,,,,,,,,,,,308950.0,-3902.0,-217853.0,-240018.0,,240018.0,-240018.0,,,,,,42550.0,0.0,3902.0,,,,358500.0,,,,,,0.0,,,,,0.0,7000.0,,0.0,,0.0,,,,,,,,,,,,,93006000.0,,
2010-11-30,2011-01-14,10-Q,WOLVERINE TECHNOLOGIES CORP.,WOLV,CIK0001424404,USD,,,,,,,,,152829.0,,,,,,,,,,,,,,,,,,,,,,395.0,,,0.0,,,,,,,-3185.0,,0.0,89600.0,,,,,,,,,,,,,,,,,,,,,,,,,,,,,,,,,,,-191322.0,,191322.0,-191322.0,,,,,,,,,,,,,,,,,,,,,,,,,,0.0,,,,,,,,,,,,,,,100259000.0,,
2011-02-28,2011-04-12,10-Q,WOLVERINE TECHNOLOGIES CORP.,WOLV,CIK0001424404,USD,,,,,,,,,73423.0,,,,,,,,,,,,,,,,,,,,,,436.0,,,,,,,,,,2008.0,,0.0,119871.0,,,,,,,,,,,,,,,,,,,,,,,,,,,,,,,,,,,-163795.0,,163795.0,-163795.0,,,,,,,,,,,,,,,,,,,,,,,,,,0.0,,,,,,,,,,,,,,,104330000.0,,
2011-05-31,2011-09-09,10-K,WOLVERINE TECHNOLOGIES CORP.,WOLV,CIK0001424404,USD,,235203.0,,2973097.0,,-54050.0,32359.0,28212.0,2934.0,-93778.0,,,,0.001,200000000.0,104330000.0,104330000.0,,,20000.0,104330.0,,,,,,,,,,1579.0,3301160.0,889.0,-0.01,,,,,,,-266.0,,0.0,409434.0,,,,,,,,,35808.0,,,-20163.0,-6463.0,,,-63117.0,3227.0,,,,,,,236092.0,32359.0,,,,,,,527450.0,-5726.0,-615502.0,-686153.0,0.0,686153.0,-686153.0,,,,,,54050.0,0.0,5726.0,,10986.0,,588500.0,,,,0.0,,0.0,4147.0,,14292.0,,0.0,7000.0,,0.0,,0.0,,,,,,-203733.0,,,,,568500.0,,100461000.0,,
2011-08-31,2011-10-17,10-Q,WOLVERINE TECHNOLOGIES CORP.,WOLV,CIK0001424404,USD,,260305.0,,2973097.0,,,41571.0,37901.0,1168.0,-1766.0,,,,0.001,200000000.0,104330000.0,104330000.0,,,92000.0,104330.0,,,,,,,,,,477.0,3392603.0,4442.0,,,,,,,,-943.0,,0.0,78705.0,,,,,,,,,25103.0,,,0.0,3553.0,,,6697.0,4759.0,,,,,,,264747.0,41571.0,,,,,,,72000.0,0.0,-73766.0,-91443.0,0.0,91443.0,-91443.0,,,,,,0.0,0.0,0.0,,17682.0,,72000.0,,,,0.0,,0.0,3670.0,,19051.0,,0.0,0.0,,0.0,,0.0,,,,,,-223176.0,,,,,,,104330000.0,,
2011-11-30,2012-01-18,10-Q,WOLVERINE TECHNOLOGIES CORP.,WOLV,CIK0001424404,USD,,255529.0,,3255052.0,,,22737.0,19544.0,1210.0,,,,,0.001,200000000.0,113413333.0,113413333.0,,,0.0,113413.0,,,,,,,,,,477.0,3605481.0,4224.0,0.0,,,,,,,-1145.0,,0.0,109142.0,,,,,,,,,,,,,,,,,,,,,,,,259753.0,22737.0,,,,,,,,,,-212878.0,0.0,212878.0,-212878.0,,,,,,,,,,15054.0,,,,,,,,,3193.0,,3280.0,,,,,0.0,,,,,,,,-237016.0,,,,,,,105029000.0,,
2012-02-29,2012-04-16,10-Q,WOLVERINE TECHNOLOGIES CORP.,WOLV,CIK0001424404,USD,,303747.0,,3255052.0,,,22594.0,19878.0,4747.0,,,,,0.001,200000000.0,113413333.0,113413333.0,,,20700.0,113413.0,,,,,,,,,,,3679657.0,9339.0,,,,,,,,,,,,,,,,,,,,,,,,,,,,,,,,,,,313086.0,22594.0,,,,,,,,,,,,,,,,,,,,,,,7000.0,,,,,,,,,2716.0,,8131.0,,,,,,,,,,,,,-290492.0,,,,,,,,,
2012-05-31,2012-09-13,10-K,WOLVERINE TECHNOLOGIES CORP.,WOLV,CIK0001424404,USD,,291638.0,0.0,3255052.0,,,8074.0,5835.0,600.0,-2334.0,,,,0.001,200000000.0,113413333.0,113413333.0,,,18000.0,113413.0,,,,,,,,,,1908.0,3712350.0,42321.0,,,,,,,,3289.0,,0.0,331417.0,,,,,,,,,15165.0,,,0.0,10370.0,,,-10986.0,-9057.0,,,,,,,333959.0,8074.0,,,0.0,,,,291062.0,0.0,-293396.0,-411190.0,41270.0,452460.0,-452460.0,,,,,,0.0,0.0,0.0,,0.0,,260000.0,,,,31062.0,,0.0,2239.0,,5235.0,,0.0,0.0,,0.0,,29038.0,,,6820.0,,,-325885.0,,,,14000.0,242000.0,,109133370.0,,
2012-08-31,2012-10-15,10-Q,WOLVERINE TECHNOLOGIES CORP.,WOLV,CIK0001424404,USD,,276654.0,9435.0,3309952.0,,,8258.0,6496.0,116.0,-484.0,,,,0.001,200000000.0,119513333.0,119513333.0,,,32000.0,119513.0,,,,,,,,,,477.0,3786116.0,46820.0,0.0,,,,,,,-10659.0,,0.0,64353.0,,,,,,,,,46795.0,,,9435.0,4499.0,,,2000.0,-855.0,,,,,,,332909.0,8258.0,,,,,,,14000.0,0.0,-14484.0,-73766.0,779.0,74545.0,-74545.0,,,,,,0.0,0.0,0.0,,2000.0,,14000.0,,,,0.0,,0.0,1762.0,,4380.0,,0.0,0.0,,0.0,,0.0,,,,,,-324651.0,,,,,,,113944000.0,,
2012-11-30,2013-01-14,10-Q,WOLVERINE TECHNOLOGIES CORP.,WOLV,CIK0001424404,USD,,340213.0,,3326152.0,,,8438.0,7154.0,70.0,,,,,0.001,200000000.0,121313333.0,121313333.0,,,75000.0,121313.0,,,,,,,,,,477.0,3910240.0,52981.0,0.0,,,,,,,1973.0,,0.0,82749.0,,,,,,,,,,,,,,,,,,,,,,,,396213.0,8438.0,,,3019.0,,,,,,,-124124.0,-779.0,123345.0,-123345.0,,,,,,,,,,,,,,,,,,,1284.0,,7084.0,,,,,0.0,,,,,,,,-387775.0,,,,,,,120542000.0,,
2013-02-28,2013-04-15,10-Q,WOLVERINE TECHNOLOGIES CORP.,WOLV,CIK0001424404,USD,,381076.0,3428.0,3326152.0,,,5679.0,4872.0,44.0,,,,,0.001,200000000.0,121313333.0,121313333.0,,,78000.0,121313.0,,,,,,,,,,477.0,3963033.0,58743.0,,,,,0.0,,,11392.0,11392.0,0.0,63708.0,,,,,,,,,,,,,,,,,,,,,,,,443247.0,5679.0,,,,,,,,,,-52793.0,0.0,52793.0,-52793.0,,,,,,,,,,,,,,,,,,,807.0,,4828.0,,,,,0.0,,,,,,,,-437568.0,,,,,,,121313000.0,121313000.0,
2013-05-31,2013-09-13,10-K,WOLVERINE TECHNOLOGIES CORP.,WOLV,CIK0001424404,USD,,217001.0,0.0,3581922.0,,,3354.0,3024.0,63.0,-537.0,,0.0,,0.001,500000000.0,151563333.0,151563333.0,,,0.0,151563.0,,,,,,,,,,1909.0,4003157.0,56025.0,0.0,,,,41148.0,,,3602.0,3602.0,16480.0,267832.0,,,,0.0,,,,,200863.0,,,,23704.0,,-2274.0,0.0,-2274.0,,0.0,,,,,273026.0,3354.0,,,,0.0,,,78000.0,0.0,-78537.0,-290807.0,16480.0,307287.0,-307287.0,,,,,2961.0,0.0,0.0,0.0,,,,78000.0,,,,0.0,,0.0,330.0,,2961.0,,0.0,0.0,-4003157.0,0.0,,0.0,,,,0.0,,-269672.0,,,,,78000.0,,123925114.0,123925114.0,
2013-08-31,2013-10-15,10-Q,WOLVERINE TECHNOLOGIES CORP.,WOLV,CIK0001424404,USD,,259979.0,11468.0,3949422.0,,,405234.0,2610.0,43.0,-20.0,,,,0.001,500000000.0,186563333.0,186563333.0,,,,186563.0,,,,,,,,,,206.0,4064380.0,62182.0,0.0,,,,,,,3126.0,3126.0,0.0,64143.0,,,,0.0,,,,,42978.0,,,11468.0,6157.0,,,0.0,-394.0,,0.0,,,,,333629.0,405234.0,,,,402500.0,,,0.0,0.0,-20.0,-61223.0,0.0,61223.0,-61223.0,,,,,,0.0,0.0,0.0,,,,0.0,,,,0.0,,0.0,124.0,,2567.0,,0.0,0.0,,0.0,,0.0,,,,,,71605.0,,,,,,,182378550.0,182378550.0,
2013-11-30,2014-01-14,10-Q,WOLVERINE TECHNOLOGIES CORP.,WOLV,CIK0001424404,USD,,243216.0,,4084422.0,,,405567.0,3026.0,114.0,,,,,0.001,500000000.0,201563333.0,201563333.0,,,,201563.0,,,,,,,,,,83.0,4163799.0,40165.0,0.0,,,,,,,-71.0,-71.0,0.0,99265.0,0.0,,,,,,,,,,,,,,,,,,,,,,,283381.0,405567.0,,,,402500.0,,,,,,-99419.0,0.0,99419.0,-99419.0,,,,,,,,,,,,,,,,,,,41.0,,2912.0,,,,,0.0,,,,,,,,122186.0,,,,,,,200739157.0,200739157.0,
2014-02-28,2014-04-15,10-Q,WOLVERINE TECHNOLOGIES CORP.,WOLV,CIK0001424404,USD,,186885.0,,4138422.0,,,407322.0,4822.0,0.0,,,0.0,,0.001,500000000.0,211563333.0,211563333.0,,,,211563.0,,,,,,,,,,41.0,,46465.0,0.0,,,,4718.0,,,,7825.0,36000.0,51308.0,0.0,,,,,,,,,,,,,,,,,,,,,,,233378.0,407322.0,,,,402500.0,,,,,,-12242.0,36000.0,48242.0,-48242.0,,,,,,,,,,,,,,,,,,,0.0,,4822.0,,,,-4176041.0,0.0,,,,,,28.0,,173944.0,,,,,,,,202007777.0,
2014-05-31,2014-12-16,10-K,WOLVERINE TECHNOLOGIES CORP.,WOLV,CIK0001424404,USD,215966.0,215966.0,,3990672.0,36000.0,,203438.0,2188.0,135.0,72.0,,0.0,,0.001,500000000.0,194063333.0,194063333.0,,,,194063.0,,,,,,,,,,330.0,,53914.0,0.0,,,,4718.0,,,,7001.0,0.0,264522.0,0.0,,,0.0,,,,,113514.0,,,,-2111.0,,-908.0,0.0,-908.0,,0.0,,,,,269880.0,203438.0,,,,201250.0,,,150000.0,,-149928.0,-248020.0,14549.0,262569.0,-262569.0,,,,,2053.0,,,,,0.0,,150000.0,,,,,,,0.0,,2053.0,,,,-4251177.0,,,,,,,,,-66442.0,,,,,150000.0,,,198987991.0,
2014-08-31,2015-01-06,10-Q,WOLVERINE TECHNOLOGIES CORP.,WOLV,CIK0001424404,USD,256457.0,,,3990672.0,,,205334.0,4084.0,100.0,-35.0,,,,0.001,200000000.0,194063333.0,194063333.0,,,,194063.0,,,,,,,,,,0.0,,62039.0,0.0,,,,0.0,,,,765.0,,47485.0,,,,0.0,,,,,37111.0,,,3380.0,8125.0,,,0.0,1931.0,,0.0,,,,,318496.0,205334.0,,,,201250.0,,,0.0,,-35.0,-46720.0,,46720.0,,,,,,,,,,,,,0.0,,,,,,,,,3984.0,,,,-4297897.0,,,,,,,,,-113162.0,,,,,,,,194063333.0,
2014-11-30,2015-01-27,10-Q,WOLVERINE TECHNOLOGIES CORP.,WOLV,CIK0001424404,USD,269908.0,,,4049172.0,,,5694.0,5694.0,3.0,,,,,0.001,500000000.0,200563333.0,200563333.0,,,,200563.0,,,,,,,,,,0.0,,65344.0,0.0,,,,0.0,,,,-20815.0,0.0,59331.0,201250.0,,,,,,,,,,,,,,,,,,,,,,,335252.0,5694.0,,,,0.0,,,,,,-281396.0,,281396.0,-281396.0,,,,,,,,,,,,,,,,,,,,,5691.0,,,,-4579293.0,,,,,,,,,-329558.0,,,,,,,,199645751.0,
2015-02-28,2015-05-14,10-Q,WOLVERINE TECHNOLOGIES CORP.,WOLV,CIK0001424404,USD,305715.0,,,4054619.0,,,10168.0,10168.0,8019.0,,,,,0.001,500000000.0,200563333.0,200563333.0,,,,201563.0,,,,,,,,,,0.0,,66988.0,0.0,,,,0.0,,,,21904.0,0.0,61328.0,0.0,,,,,,,,,,,,,,,,,,,,,0.0,,372703.0,10168.0,,,,0.0,,,,,,-39424.0,0.0,39424.0,-39424.0,,,,,,,,,,,,,,,,,,,,,2149.0,,,,-4618717.0,,,,,,,,,-362535.0,,,,,,,,200563000.0,
2015-05-31,2015-08-28,10-K,WOLVERINE TECHNOLOGIES CORP.,WOLV,CIK0001424404,USD,102557.0,,,4550914.0,,,98920.0,98920.0,89934.0,89799.0,,,,0.001,500000000.0,272664328.0,272664328.0,,,,272664.0,,,,,,,,,,0.0,,27155.0,0.0,,,,15105.0,,,,-4627.0,-3601.0,378610.0,201250.0,,,0.0,,,,,233990.0,,,0.0,8241.0,,,5000.0,1933.0,,0.0,,,0.0,,129712.0,98920.0,,0.0,,0.0,,,252843.0,0.0,-163044.0,-603193.0,-3601.0,594965.0,-594965.0,,,,,,,,,0.0,5000.0,,252843.0,,,,,,,,,3986.0,,,,-4854370.0,,,,,,,,,-30792.0,,,,,252843.0,,,202031278.0,
2015-08-31,2015-10-09,10-Q,WOLVERINE TECHNOLOGIES CORP.,WOLV,CIK0001424404,USD,118976.0,,,4616515.0,,,21827.0,,13022.0,-76912.0,,,,0.001,500000000.0,282570993.0,282570993.0,,,,282571.0,,,,,,,,,,,,3043.0,0.0,,,,2010.0,,,,-2157.0,,140741.0,,,,0.0,,,,,46419.0,,,0.0,-24112.0,4819.0,,-5000.0,4819.0,,0.0,,,0.0,,122019.0,21827.0,,,,,,,45508.0,,-122420.0,-144908.0,,142751.0,-142751.0,,,,,,,,,,0.0,,45508.0,,0.0,,,,0.0,,,8805.0,,,,-4999278.0,,,,,,,,,-100192.0,,,,,,,,278033000.0,
2015-11-30,2016-01-13,10-Q,WOLVERINE TECHNOLOGIES CORP.,WOLV,CIK0001424404,USD,108983.0,,,4712261.0,,,30558.0,,10507.0,,,,,0.001,500000000.0,294870993.0,294870993.0,,,,294871.0,,,,,,,,,,,,2510.0,0.0,,,,0.0,,,,-602.0,-3000.0,85187.0,0.0,,,,,,,,,,,,,,,,,,,,,0.0,,111493.0,30558.0,,14978.0,,,,,,,,-88789.0,,85187.0,-85187.0,,,,,,,,,,0.0,,,,,,,,,,,5073.0,,,,-5088067.0,,,,,,,,,-80935.0,,,,,,,,282800501.0,
2016-02-29,2016-04-18,10-Q,WOLVERINE TECHNOLOGIES CORP.,WOLV,CIK0001424404,USD,129412.0,,,4718756.0,,,19829.0,,139.0,,,,,0.001,500000000.0,297070993.0,297070993.0,,,,297071.0,,,,,,,,,,,,9605.0,0.0,,,,0.0,,,,-508.0,60.0,46666.0,0.0,,,,,,,,,,,,,,,,,,,,,166.0,,139017.0,19829.0,,14780.0,,,,,,,,-46948.0,,46666.0,-46666.0,,,,,,,,,,0.0,,,,,,,,,,0.0,4910.0,,,,-5135015.0,,,,,,,,,-119188.0,,,,,,,,294871000.0,
2016-05-31,2016-08-29,10-K,WOLVERINE TECHNOLOGIES CORP.,WOLV,CIK0001424404,USD,129712.0,,,4793687.0,,,33315.0,,2594.0,-87340.0,,,,0.001,500000000.0,315170993.0,315170993.0,,,0.0,315171.0,,,,,,,,,,,,5251.0,0.0,,0.0,,2010.0,,,,-4505.0,-9090.0,368240.0,0.0,,,0.0,5097.0,,,,85609.0,,,1046.0,0.0,,,-5000.0,1479.0,,0.0,,368.0,358.0,6000.0,162314.0,33315.0,,15256.0,0.0,,,,187690.0,-15256.0,-259774.0,-383487.0,-13237.0,370250.0,-370250.0,,,,,5465.0,,,,15256.0,10000.0,,187690.0,,0.0,5251.0,13196.0,,,,0.0,5097.0,,,,-5237857.0,,,,,,,,27351.0,-128999.0,,,,16000.0,187690.0,,,288145073.0,
2016-08-31,2016-10-20,10-Q,WOLVERINE TECHNOLOGIES CORP.,WOLV,CIK0001424404,USD,165494.0,,,4793687.0,,,24289.0,,1975.0,-619.0,,,,0.001,500000000.0,315170993.0,315170993.0,,,51943.0,315171.0,,,,,,,,,,,,29765.0,0.0,,0.0,,0.0,,,,-704.0,,97214.0,,,,0.0,6498.0,,,,31577.0,,,-1046.0,2414.0,1593.0,,-10000.0,,,0.0,,560.0,192.0,,199071.0,24289.0,,15256.0,3812.0,,,,55755.0,,-56374.0,-97726.0,-512.0,97214.0,-97214.0,,,,,,,,,,0.0,,0.0,,51943.0,0.0,,,3812.0,,,,0.0,,,-5335583.0,,,,,,,,,-174782.0,,,,,,,,315170993.0,
2016-11-30,2017-01-30,10-Q,WOLVERINE TECHNOLOGIES CORP.,WOLV,CIK0001424404,USD,159046.0,,,4882331.0,,,23038.0,,62.0,,,,,0.001,500000000.0,346520993.0,346520993.0,,,11930.0,346521.0,,,,,,,,,,,,27248.0,0.0,,,,0.0,,,,908.0,3617.0,73167.0,,,,,,,,,,,,,,,,,,,,,732.0,187.0,,186294.0,23038.0,,14894.0,,,,,,,,-68455.0,,73167.0,-73167.0,,,,,,,,,,2188.0,,,,,,,,,,,5162.0,,,,-5404038.0,,,,,,,,,-163256.0,,,,,,,,341008905.0,
2017-02-28,2017-04-21,10-Q,WOLVERINE TECHNOLOGIES CORP.,WOLV,CIK0001424404,USD,194158.0,,,4882331.0,,,4637.0,,5.0,,,,,0.001,500000000.0,346520993.0,346520993.0,,,17628.0,346521.0,,,,,,,,,,,,42278.0,0.0,,,,0.0,,,,-613.0,0.0,57826.0,,,,,,,,,,,,,,,,,,,,,0.0,191.0,,236436.0,4637.0,,0.0,,,,,,,,-74241.0,,73819.0,-73819.0,,,,,,,,,,0.0,,,,,,,,,,15993.0,4632.0,,,,-5478279.0,,,,,,,,,-231799.0,,,,,,,,346520993.0,
2017-05-31,2017-10-05,10-K,WOLVERINE TECHNOLOGIES CORP.,WOLV,CIK0001424404,USD,205436.0,,,4882331.0,,,1780.0,,47.0,-2547.0,,,,0.001,500000000.0,346520993.0,346520993.0,17000000.0,36000.0,26798.0,346521.0,,,,,1711438.0,0.0,1225771.0,485667.0,1711438.0,,,15950.0,0.0,0.34,22868.0,,0.0,31000.0,23086.0,-22868.0,1548.0,3617.0,286164.0,,0.0,0.0,0.0,,100783.0,-100783.0,,130682.0,-4401.0,,0.0,-4401.0,,0.0,-10000.0,0.0,,0.0,,,570.0,7000.0,280409.0,1780.0,,0.0,,,,,112535.0,0.0,-115082.0,-296422.0,-10258.0,286164.0,-286164.0,,,,,1733.0,,,,0.0,0.0,,63369.0,,26798.0,7120.0,15248.0,,,,15993.0,,,,,-5534279.0,,,,,,,0.0,59023.0,-278629.0,,,7200000.0,,63369.0,,,337244829.0,
2017-08-31,2018-01-23,10-Q,WOLVERINE TECHNOLOGIES CORP.,WOLV,CIK0001424404,USD,245018.0,,,4882331.0,,,1868.0,,76.0,29.0,,,,0.001,500000000.0,346520993.0,346520993.0,,,30501.0,346521.0,,,,,,,,,,,,15433.0,0.0,,12602.0,,222.0,,,,-12602.0,,51179.0,,,,0.0,,,,,39582.0,21860.0,,0.0,16558.0,0.0,59.0,0.0,,,0.0,,,0.0,,340575.0,1868.0,,,,,,,2427.0,,-2398.0,-63781.0,-12602.0,51179.0,-51179.0,,,,,1792.0,,,,,,0.0,,,3703.0,718.0,,,0.0,,,,1994.0,1276.0,,-5598060.0,,,,,,,,80124.0,-338707.0,,,,,,,,346520993.0,
2017-11-30,2018-02-08,10-Q,WOLVERINE TECHNOLOGIES CORP.,WOLV,CIK0001424404,USD,235012.0,,,4882331.0,,,3562.0,,0.0,,,,,0.001,500000000.0,346520993.0,346520993.0,,,47463.0,346521.0,,,,,,,,,,,,50469.0,0.0,,,,0.0,,,,5337.0,0.0,49573.0,,,,,,,,,,,,,,,,,,,,,,0.0,,369543.0,3562.0,,,,,,,,,,-44236.0,,49573.0,-49573.0,,,,,3562.0,,,,,,,,,,,,,,,,,,,,-5642296.0,,,,,,,9.0,84053.0,-365981.0,,,,,,,,346520993.0,
2018-02-28,2018-04-20,10-Q,WOLVERINE TECHNOLOGIES CORP.,WOLV,CIK0001424404,USD,182539.0,,,5107414.0,,,36611.0,,29303.0,,,,,0.001,500000000.0,420420993.0,420420993.0,,,45708.0,420421.0,,,,,,,,,,,,0.0,0.0,,,,0.0,,,,-5521.0,-38.0,102156.0,,,,,,,,,,,,,,,,,,,,,,0.0,,213079.0,36611.0,,,,,,,,,,-107715.0,,102156.0,-102156.0,,,,,7308.0,,,,,,,,,,,,,,,0.0,,,,,-5750011.0,,,,,,,,30540.0,-176468.0,,,,,-1.0,,,358016549.0,
2018-05-31,2018-10-01,10-K,WOLVERINE TECHNOLOGIES CORP.,WOLV,CIK0001424404,USD,171812.0,,,5105472.0,,,21094.0,,18982.0,18935.0,,,,0.001,500000000.0,477270993.0,477270993.0,,,66328.0,432021.0,,,,,1108859.0,0.0,808888.0,299971.0,1108859.0,,,0.0,0.0,0.21,,,,,,-13095.0,-13095.0,37043.0,268594.0,,1991.0,0.0,0.0,,51794.0,-51794.0,,76094.0,-11260.0,,,,,434.0,0.0,,-1991.0,0.0,,,-1991.0,,198189.0,21094.0,,,,,,,225120.0,,-206185.0,-246637.0,,268594.0,-268594.0,3851847.0,,,,2112.0,,,,,,,174742.0,85000.0,66328.0,0.0,-15950.0,-15950.0,,,0.0,,,,,-5780916.0,,,,,,,0.0,26377.0,-177095.0,,,,,174743.0,,,382339623.0,
2018-08-31,2018-10-26,10-Q,WOLVERINE TECHNOLOGIES CORP.,WOLV,CIK0001424404,USD,194828.0,,,5105472.0,,,3968.0,,0.0,-18982.0,,,,0.001,500000000.0,432020993.0,432020993.0,17600000.0,88000.0,68610.0,432021.0,,,,,,,,,,,,,0.0,,,,,,,,538.0,,52580.0,,,,0.0,,,,,23016.0,9612.0,,,,,1856.0,,,,0.0,,,,,230823.0,3968.0,,,,,,,2288.0,,-21270.0,-52042.0,,52580.0,-52580.0,,,,,3968.0,,,,,,6.0,,,2282.0,,,,,,,,,0.0,,-5832958.0,,,,,,,6.0,35989.0,-226855.0,,,600000.0,,,,,449353602.0,
2018-11-30,2019-01-15,10-Q,WOLVERINE TECHNOLOGIES CORP.,WOLV,CIK0001424404,USD,144866.0,,,5238347.0,,,4102.0,,155.0,,,,,0.001,500000000.0,477270993.0,477270993.0,,16000.0,12220.0,477271.0,,,,,,,,,,,,,0.0,,,,,,,,1150.0,-3086.0,84791.0,,,,,,,,,,,,,,,,,,,,,,,,195949.0,4102.0,,,,,,,,,,-86727.0,,84791.0,-84791.0,,,,-1936.0,3947.0,,,,,,,,,,,,,,,,,,,,-5919685.0,,,,,,,,51083.0,-191847.0,,,,,23715.0,,,465501213.0,
2019-02-28,2019-06-19,10-Q,WOLVERINE TECHNOLOGIES CORP.,WOLV,CIK0001424404,USD,165492.0,,,5238347.0,,,5868.0,,3.0,,,,,0.001,500000000.0,477270993.0,477270993.0,,61000.0,46032.0,477271.0,,,,,,,,,,,,,0.0,,,,,,,,-665.0,,46061.0,,,,,,,,,,,,,,,,,,,,,,,,210629.0,5868.0,,,,,,,,,,-46726.0,,46061.0,-46061.0,,,,-665.0,5865.0,,,,,,,,,,,,,,,,,,,,-5966411.0,,,,,,,,45137.0,-204761.0,,,,,,,,477270993.0,
2019-05-31,2019-09-16,10-K,WOLVERINE TECHNOLOGIES CORP.,WOLV,CIK0001424404,USD,191901.0,,,5238347.0,,,3592.0,,0.0,,-18982.0,0.0,,0.001,500000000.0,477270993.0,477270993.0,,81000.0,60862.0,477271.0,,,,,1157291.0,0.0,857320.0,299971.0,1157291.0,,,,0.0,0.21,,,,,2466.0,,3516.0,2466.0,233526.0,,0.0,0.0,0.0,,48432.0,-48432.0,,48969.0,74450.0,,,,,1480.0,,,,0.0,,,,,238658.0,3592.0,,,,,,,89089.0,,-108071.0,-230630.0,,233526.0,-233526.0,4082477.0,,,2896.0,3592.0,,,,,,,25997.0,,60862.0,,,2230.0,2230.0,,,,,,,-6011546.0,,,,,,,,46757.0,-235066.0,,,,,25997.0,3592.0,,473292774.0,
2019-08-31,2020-01-15,10-Q,WOLVERINE TECHNOLOGIES CORP.,WOLV,CIK0001424404,USD,183009.0,,,5291858.0,,,3945.0,,206.0,206.0,206.0,,,0.001,500000000.0,499970993.0,499970993.0,,,43500.0,499971.0,,,,,,,,,,,,,0.0,,,,,,,,-1161.0,2585.0,68321.0,,,,0.0,,,,,-1420.0,15406.0,-1420.0,,,,147.0,,,,163.0,163.0,,,,245172.0,3945.0,,,,,,,55849.0,,-55643.0,-65010.0,,68321.0,-68321.0,,,,,3739.0,,,,,,,12349.0,,43500.0,,,,,,,,,,,-6076556.0,,,,,,,,62163.0,-241227.0,,,,,12349.0,,,506887660.0,
2019-11-30,2020-01-30,10-Q,WOLVERINE TECHNOLOGIES CORP.,WOLV,CIK0001424404,USD,222023.0,,,5291858.0,,,4044.0,,0.0,,,,,0.001,,499970993.0,499970993.0,,,53250.0,499971.0,,,,,,,,,,,,,0.0,,,,,,,,-2598.0,162.0,57907.0,,,,,,,,,,,,,,,,,,,,,,,,295864.0,4044.0,,,,,,,,,,-60343.0,-2436.0,57907.0,-57907.0,,,51.0,-2436.0,4044.0,,,,,,,,,,,,,,,,,,,,-6136899.0,,,,,,,,73790.0,-291820.0,,,,,,,,513961886.0,
2020-02-29,2020-06-04,10-Q,WOLVERINE TECHNOLOGIES CORP.,WOLV,CIK0001424404,USD,172466.0,,,5415391.0,,,2238.0,,0.0,,,,,0.001,2000000000.0,561737659.0,561737659.0,,,69262.0,561738.0,,,,,,,,,,,,,0.0,,,,,,,,168.0,,64935.0,,,,,,,,,,,,,,,,,,,,,,,,203164.0,2238.0,,,,,,,,,,-110418.0,-45483.0,64935.0,-64935.0,,,44.0,-45483.0,,,,,,,,,,,,,,,,,,,,,-6247317.0,,,,,,,,30654.0,-200926.0,,,,,,2238.0,,543969040.0,
2020-05-31,2021-06-28,10-K,WOLVERINE TECHNOLOGIES CORP.,WOLV,CIK0001424404,USD,135008.0,,,5477265.0,,,7123.0,,3177.0,,3177.0,0.0,,0.001,2000000000.0,630626548.0,630626548.0,,,10736.0,630627.0,,,,,1218646.0,0.0,918675.0,299971.0,1218646.0,,,57200.0,0.0,0.21,,0.0,,,2747.0,,-556.0,2747.0,253029.0,,0.0,0.0,0.0,,61355.0,-61355.0,0.0,88533.0,88478.0,45790.0,,,,354.0,,,,,1232.0,,,,192208.0,7123.0,192208.0,,,,,,122848.0,,-119671.0,-292167.0,-39138.0,253029.0,-253029.0,4374644.0,,,-39138.0,,,,,,,,9736.0,,113112.0,,,,,,,,,,,-6303713.0,,,,,,,,47240.0,-185085.0,,,,,113112.0,3946.0,,549925820.0,
2020-08-31,2021-08-25,10-Q,WOLVERINE TECHNOLOGIES CORP.,WOLV,CIK0001424404,USD,166839.0,,,5477265.0,,,3687.0,,77.0,,-3100.0,0.0,,0.001,2000000000.0,630626548.0,630626548.0,,,10736.0,630627.0,,,,,,,,,,,,,0.0,,,,,,,,-2991.0,,33871.0,,,,0.0,,,,,,36673.0,-3247.0,,,,-336.0,0.0,,,,0.0,,,,225634.0,3687.0,,,,,,,0.0,,-3100.0,-36862.0,,33871.0,-33871.0,,,,,,,,,,,,0.0,,,,,,,,,,,,,-6340575.0,,,,,,,,58795.0,-221947.0,0.0,,,,,3610.0,,630626548.0,
2020-11-30,2021-09-02,10-Q,WOLVERINE TECHNOLOGIES CORP.,WOLV,CIK0001424404,USD,198026.0,,,5483001.0,,,5281.0,,0.0,,,0.0,,0.001,2000000000.0,635626548.0,635626548.0,,,,635627.0,,,,,,,,,,,,68415.0,0.0,,,1431.0,,,,,-2122.0,,35693.0,,,,,,,,,,,,,,,,,,,,,,,,,5281.0,266474.0,,,,3448.0,2668.0,,,,-39246.0,-2122.0,37124.0,-37124.0,,,,,,,,,,,,,,,,,,,,,,,,,-6379821.0,,,,,,,33.0,,-261193.0,,,,,,5281.0,,635126548.0,
2021-02-28,2021-09-02,10-Q,WOLVERINE TECHNOLOGIES CORP.,WOLV,CIK0001424404,USD,226389.0,,,5483001.0,,,7069.0,,0.0,,,0.0,,0.001,2000000000.0,635626548.0,635626548.0,,,,635627.0,,,,,,,,,,,,78161.0,0.0,,,911.0,,,,,-1460.0,,34101.0,,,,,,,,,,,,,,,,,,,,,,,,,7069.0,304734.0,,,,,,,,,-36472.0,-1460.0,35012.0,-35012.0,,,,,,,,,,,,,,,,,,,,,,,,,-6416293.0,,,,,,,184.0,,-297665.0,,,,,,7069.0,,635126548.0,
2021-05-31,2021-11-17,10-K,WOLVERINE TECHNOLOGIES CORP.,WOLV,CIK0001424404,USD,126458.0,,,5483001.0,,,18424.0,,9111.0,,5934.0,0.0,0.001,0.001,2000000000.0,635626548.0,635626548.0,,,44703.0,635627.0,,,,,1255742.0,0.0,955211.0,300531.0,1255742.0,,,208998.0,0.0,0.21,,2668.0,,,,,-17521.0,2261.0,158722.0,,0.0,0.0,0.0,,36536.0,-37096.0,560.0,,151799.0,-6290.0,,,,5367.0,,,,,0.0,,,,,18424.0,335456.0,,,,,,44703.0,,-38769.0,-176650.0,-15260.0,161390.0,-161390.0,4548600.0,,,,9313.0,,,,,0.0,,0.0,,44703.0,,,,,,,,,,,-6480363.0,,,,,,,,,-317032.0,,,,,,9313.0,,635126548.0,208998.0
2021-08-31,2021-11-24,10-Q,WOLVERINE TECHNOLOGIES CORP.,WOLV,CIK0001424404,USD,127939.0,,,5523921.0,,,12349.0,,76.0,,-9035.0,0.0,,0.001,2000000000.0,675626548.0,675626548.0,,,0.0,675627.0,,,,,,,,,,,,220220.0,0.0,,,,,,,,8876.0,,63871.0,,,,0.0,,,,,,11222.0,1481.0,,,,1522.0,1438.0,,,,0.0,,,,,12349.0,348159.0,,,,,,36217.0,,-45252.0,-54995.0,,63871.0,-63871.0,,,,,,,,,,1438.0,,36217.0,,,,,,,,,,,,,-6535358.0,,,,,,,,,-335810.0,44703.0,,,,36217.0,10835.0,,649539591.0,
2021-11-30,2022-02-02,10-Q,WOLVERINE TECHNOLOGIES CORP.,WOLV,CIK0001424404,USD,129986.0,,,5561781.0,,,8908.0,,4456.0,,,0.0,,0.001,2000000000.0,715626548.0,715626548.0,,,0.0,715627.0,,,,,,,,,,,,,0.0,,,7334.0,,,,,2835.0,,84124.0,,,,,,,,,,,,,,,,,,,,,,,,,8908.0,355481.0,,,,9400.0,7334.0,,,,-88623.0,,91458.0,-91458.0,,,,,4452.0,,,,,,,,,,,,,,,,,,,,-6623981.0,,,,,,,,,-346573.0,,,,,77860.0,,,681566439.0,225495.0
