end,filed,form,Name,Ticker,CIK,Currency,AccountsPayableAndAccruedLiabilitiesCurrent,AccountsPayableCurrent,AccountsReceivableNetCurrent,AdditionalPaidInCapital,Assets,AssetsCurrent,Cash,CashAndCashEquivalentsPeriodIncreaseDecrease,CashPeriodIncreaseDecrease,CommonStockParOrStatedValuePerShare,CommonStockSharesAuthorized,CommonStockSharesIssued,CommonStockSharesOutstanding,CommonStockValue,CommonStockValueOutstanding,CostOfRevenue,DeferredIncomeTaxExpenseBenefit,DeferredTaxAssetsGrossNoncurrent,DeferredTaxAssetsOperatingLossCarryforwards,DeferredTaxAssetsValuationAllowance,DeferredTaxAssetsValuationAllowanceNoncurrent,DirectOperatingCommunicationsCosts,DueToRelatedPartiesCurrent,DueToRelatedPartiesCurrentAndNoncurrent,EarningsPerShareBasicAndDiluted,EffectiveIncomeTaxRateContinuingOperations,EffectiveIncomeTaxRateReconciliationAtFederalStatutoryIncomeTaxRate,EffectiveIncomeTaxRateReconciliationChangeInDeferredTaxAssetsValuationAllowance,EffectiveIncomeTaxRateReconciliationStateAndLocalIncomeTaxes,GeneralAndAdministrativeExpense,GrossProfit,IncomeLossFromContinuingOperationsBeforeIncomeTaxesExtraordinaryItemsNoncontrollingInterest,IncomeLossFromContinuingOperationsBeforeIncomeTaxesMinorityInterestAndIncomeLossFromEquityMethodInvestments,IncomeLossFromContinuingOperationsPerBasicAndDilutedShare,IncomeTaxExpenseBenefitContinuingOperations,IncomeTaxesPaid,IncomeTaxReconciliationChangeInDeferredTaxAssetsValuationAllowance,IncomeTaxReconciliationChangeInEnactedTaxRate,IncreaseDecreaseInAccountsPayable,IncreaseDecreaseInAccountsPayableAndAccruedLiabilities,IncreaseDecreaseInAccountsPayableRelatedParties,IncreaseDecreaseInAccountsReceivable,IncreaseDecreaseInDueToRelatedParties,IncreaseDecreaseInDueToRelatedPartiesCurrent,IncreaseDecreaseInNotesPayableRelatedPartiesCurrent,IncreaseDecreaseInPrepaidExpense,InterestPaid,IssuanceOfStockAndWarrantsForServicesOrClaims,LegalFees,Liabilities,LiabilitiesAndStockholdersEquity,LiabilitiesCurrent,NetCashProvidedByUsedInFinancingActivities,NetCashProvidedByUsedInOperatingActivities,NetIncomeLoss,NoninterestExpenseTransferAgentAndCustodianFees,OfficersCompensation,OperatingCostsAndExpenses,OperatingExpenses,OperatingIncomeLoss,OperatingLossCarryforwards,OtherCostAndExpenseOperating,OtherCostOfOperatingRevenue,OtherExpenses,OtherNonoperatingIncome,OtherOperatingIncome,PaidInKindInterest,PaymentsForProceedsFromOtherInterestEarningAssets,PrepaidExpenseCurrent,ProceedsFromIssuanceOfCommonStock,ProceedsFromPartnershipContribution,ProceedsFromRelatedPartyDebt,ProfessionalAndContractServicesExpense,ProfessionalFees,ProfitLoss,RelatedPartyCosts,RetainedEarningsAccumulatedDeficit,Revenues,SharesIssuedPricePerShare,StockholdersEquity,StockholdersEquityIncludingPortionAttributableToNoncontrollingInterest,StockIssuedDuringPeriodSharesNewIssues,StockIssuedDuringPeriodValueIssuedForServices,StockIssuedDuringPeriodValueNewIssues,WeightedAverageNumberOfShareOutstandingBasicAndDiluted,IncreaseDecreaseInDueToEmployeesCurrent,StockIssuedDuringPeriodValueOther
2014-12-31,2015-01-27,10-Q,Frontera Group Inc.,FRTG,CIK0001602813,USD,13058.0,,4500.0,,5515.0,5515.0,1015.0,,,0.001,75000000.0,4000000.0,4000000.0,,4000.0,1350.0,,,,,,,7500.0,9900.0,0.0,,,,,,3150.0,,-6207.0,0.0,0.0,,,,,,,,,,,,,,,30458.0,5515.0,30458.0,,,-6207.0,,1350.0,,9357.0,-6207.0,,3005.0,,6157.0,,,,,,,,,1500.0,1850.0,,,-28943.0,4500.0,,-24943.0,,,,,4000000.0,,
2015-03-31,2015-05-08,10-Q,Frontera Group Inc.,FRTG,CIK0001602813,USD,9886.0,,,37720.0,23981.0,23981.0,23981.0,,,0.001,75000000.0,7280000.0,7280000.0,,7280.0,1350.0,,,,,,,7500.0,12600.0,0.0,,,,,,1650.0,,-22062.0,0.0,0.0,,,,,,,,,,,,,,,29986.0,23981.0,29986.0,,,-22062.0,11727.0,1350.0,1500.0,23712.0,-22062.0,,3625.0,,3660.0,,,,,,,,,,18702.0,,,-51005.0,3000.0,,-6005.0,,,,,6452000.0,,
2015-06-30,2015-07-28,10-K,Frontera Group Inc.,FRTG,CIK0001602813,USD,13058.0,13058.0,,44927.0,9555.0,9555.0,388.0,-6228.0,-6228.0,0.0,1000000000.0,7280000.0,7280000.0,73.0,7280.0,0.0,,10695.0,,,10695.0,0.0,15300.0,7500.0,-0.01,,,,,27191.0,12300.0,,-54018.0,-0.01,0.0,0.0,,,,5157.0,10800.0,,,,,-9167.0,,,8500.0,35858.0,9555.0,35858.0,41000.0,-47228.0,-54018.0,12327.0,6300.0,,66318.0,,71303.0,8500.0,4500.0,27191.0,,,,0.0,9167.0,41000.0,,0.0,,24327.0,-54018.0,4500.0,-71303.0,16800.0,,-26303.0,-26303.0,3280000.0,44960.0,41000.0,5422356.0,,
2015-09-30,2015-10-19,10-Q,Frontera Group Inc.,FRTG,CIK0001602813,USD,274.0,,,37720.0,9929.0,9929.0,3262.0,2874.0,2874.0,0.001,75000000.0,7280000.0,7280000.0,,,1050.0,,,,,,,18000.0,30500.0,0.0,,,,,6442.0,950.0,,-12542.0,0.0,0.0,0.0,,,,-12784.0,2700.0,0.0,,,23000.0,2500.0,,,,48774.0,9929.0,48774.0,23000.0,-20126.0,-12542.0,650.0,1650.0,,13492.0,,,,,6442.0,,,,0.0,6667.0,,,23000.0,,4750.0,-12542.0,1050.0,-83845.0,2000.0,,-38845.0,,0.0,,,97890410.0,,
2015-12-31,2016-02-16,10-Q,Frontera Group Inc.,FRTG,CIK0001602813,USD,3848.0,,,37720.0,4236.0,4236.0,69.0,,,0.001,75000000.0,7280000.0,7280000.0,7280.0,,,,,,,,,20700.0,30500.0,0.0,,,,,7767.0,,,-11967.0,0.0,,,,,,,,,,,,,,,,55048.0,4236.0,55048.0,,,-11967.0,,2700.0,,11967.0,,,,,7767.0,,,,,4167.0,,,,,1500.0,-11967.0,,-95812.0,,,-50812.0,,,,,7280000.0,,
2016-03-31,2016-05-26,10-Q,Frontera Group Inc.,FRTG,CIK0001602813,USD,,,,105975.0,9000.0,9000.0,9000.0,,,0.0,1000000000.0,307280000.0,307280000.0,3073.0,,,,,,,,,,1500.0,0.0,,,,,4236.0,,,-5736.0,0.0,,,,,,,,,,,,,,,,1500.0,9000.0,1500.0,,,-5736.0,,,,5736.0,,,,,4236.0,,,,,,,,,,1500.0,-5736.0,,-101548.0,,,7500.0,,,,,73214066.0,,
2016-06-30,2016-10-31,10-K,Frontera Group Inc.,FRTG,CIK0001602813,USD,,5600.0,,105975.0,9000.0,9000.0,9000.0,8612.0,,0.0,1000000000.0,307280000.0,307280000.0,3073.0,,,-5856.0,16551.0,,,16551.0,,,4698.0,0.0,0.0,0.15,-0.15,0.0,14695.0,950.0,,,,,,,,,-6412.0,,,,,,9167.0,,,,10298.0,9000.0,10298.0,39500.0,-30888.0,-39043.0,,4350.0,,39993.0,,110346.0,,,,,,,,,9000.0,,30500.0,,20948.0,-39043.0,1050.0,-110346.0,2000.0,,-1298.0,-1298.0,,9000.0,,97890410.0,,
2016-09-30,2016-12-13,10-Q,Frontera Group Inc.,FRTG,CIK0001602813,USD,,250.0,,105975.0,9000.0,9000.0,9000.0,,,0.0,1000000000.0,307280000.0,307280000.0,3073.0,,,,,,,,,,10713.0,0.0,,,,,,,,,,,,,,,665.0,,,,,,,,,,10963.0,9000.0,10963.0,,,-665.0,665.0,,,665.0,,,,,,,,,,,,,,,,-665.0,,-111011.0,,,-1963.0,,,,,97890410.0,,
2016-12-31,2017-02-08,10-Q,Frontera Group Inc.,FRTG,CIK0001602813,USD,,875.0,,105975.0,3350.0,3350.0,3350.0,,,0.0,1000000000.0,307280000.0,307280000.0,3073.0,,,-2134.0,,45606.0,45606.0,,,,10713.0,0.0,,,,,625.0,,,,,,,2134.0,,,,,,,,,,,,,11588.0,3350.0,11588.0,,,-6275.0,,,,6275.0,,,,,,,,,,,,,,,5650.0,-6275.0,,-117286.0,,,-8238.0,,,,,307280000.0,,
2017-03-31,2017-05-19,10-Q,Frontera Group Inc.,FRTG,CIK0001602813,USD,,3600.0,,115975.0,10825.0,10825.0,10825.0,,,0.0,1000000000.0,307280000.0,307280000.0,3073.0,,,-1785.0,,45606.0,45606.0,,,,10713.0,0.0,,,,,600.0,,,,,,,1785.0,,,,,,,,,,,,,14313.0,10825.0,14313.0,,,-5250.0,,,,5250.0,,,,,,,,,,,,,,,4650.0,-5250.0,,-122536.0,,,-3488.0,,,,,307280000.0,,
2017-06-30,2017-10-23,10-K,Frontera Group Inc.,FRTG,CIK0001602813,USD,,12200.0,,115975.0,7825.0,7825.0,7825.0,-1175.0,,0.0,1000000000.0,307280000.0,307280000.0,3073.0,,,-8089.0,26067.0,,,26067.0,,,10713.0,0.0,0.0,0.34,-0.34,0.06,2490.0,,,,,,,8089.0,,,12615.0,,,,,,,,,,22913.0,7825.0,22913.0,10000.0,-11175.0,-23790.0,,,,23790.0,,134136.0,,,,,,,,,,,10000.0,,21300.0,-23790.0,,-134136.0,,,-15088.0,-15088.0,,,,307280000.0,,
2017-09-30,2017-11-27,10-Q,Frontera Group Inc.,FRTG,CIK0001602813,USD,,9741.0,,115975.0,1766.0,1766.0,1766.0,-6059.0,,0.0,1000000000.0,307280000.0,307280000.0,3073.0,,,-1224.0,,46830.0,46830.0,,,,10713.0,0.0,0.0,0.34,-0.34,,,,,,,,,1224.0,,,-2459.0,,,,,,,,,,20454.0,1766.0,20454.0,,-6059.0,-3600.0,600.0,,,3600.0,,137736.0,,,,,,,,,,,,,3000.0,-3600.0,,-137736.0,,,-18688.0,,,,,307280000.0,,
2017-12-31,2018-03-28,10-Q,Frontera Group Inc.,FRTG,CIK0001602813,USD,,9741.0,,121025.0,3216.0,3216.0,3216.0,,,0.0,1000000000.0,307280150.0,307280150.0,3073.0,,,-756.0,,29681.0,29681.0,,,,10713.0,0.0,0.0,0.21,-0.21,,550.0,,-3600.0,,,,,-16682.0,17438.0,,,,,,,,,,,,20454.0,3216.0,20454.0,,,-3600.0,550.0,,,3600.0,,,,,,,,,,,,5000.0,,,3050.0,-3600.0,,-141336.0,,,-17238.0,,,50.0,,307280062.0,,
2018-03-31,2018-06-19,10-Q,Frontera Group Inc.,FRTG,CIK0001602813,USD,,9741.0,,121025.0,216.0,216.0,216.0,,,0.0,1000000000.0,307280150.0,307280150.0,3073.0,,,-630.0,,30311.0,30311.0,,,,10713.0,0.0,0.0,0.21,-0.21,,,,-3000.0,,,,,630.0,,,,,,,,,,,,,20454.0,216.0,20454.0,,,-3000.0,,,,3000.0,,,,,,,,,,,,,,,3000.0,-3000.0,,-144336.0,,,-20238.0,,,,,307280150.0,,
2018-06-30,2018-11-23,10-K,Frontera Group Inc.,FRTG,CIK0001602813,USD,,15573.0,,125300.0,216.0,216.0,216.0,-7609.0,,1e-05,1000000000.0,307280150.0,307280150.0,3073.0,,,-4265.0,,32433.0,32433.0,,,,10713.0,0.0,0.0,0.21,-0.21,,3257.0,,-20307.0,,,,,4265.0,17438.0,,3373.0,,,,,,,,50.0,,26286.0,216.0,26286.0,9275.0,-16884.0,-30414.0,3257.0,,,20307.0,,154443.0,,,,,,,,,,13550.0,9275.0,,17050.0,-20307.0,,-154443.0,,,-26070.0,-26070.0,,50.0,,307280150.0,,
2018-09-30,2018-12-31,10-Q,Frontera Group Inc.,FRTG,CIK0001602813,USD,,18573.0,,125300.0,216.0,216.0,216.0,-216.0,,0.0,1000000000.0,307280150.0,307280150.0,3073.0,,,-756.0,,33063.0,33063.0,,,,10713.0,0.0,0.0,0.21,-0.21,,,,-3000.0,,,,,756.0,,,2784.0,,,,,,,,,,29286.0,216.0,29286.0,,-216.0,-3000.0,,,,3000.0,,157443.0,,,,,,,,,,,,,3000.0,-3000.0,,-157443.0,,,-29070.0,,,,,307280150.0,,
2018-12-31,2021-09-01,10-Q,Frontera Group Inc.,FRTG,CIK0001602813,USD,,18357.0,,125300.0,0.0,,,,,1e-05,1000000000.0,307280150.0,307280150.0,3073.0,,,,,30813.0,30813.0,,,,,,0.0,0.21,-0.21,,,,10713.0,,,,,,,,,,,,,,,,,,18357.0,0.0,18357.0,,,10713.0,,,,,,157443.0,,,,,10713.0,,,,,,,,,,,-146730.0,,,-18357.0,,,,,307280150.0,,
2019-03-31,2021-09-01,10-Q,Frontera Group Inc.,FRTG,CIK0001602813,USD,,18357.0,,125300.0,0.0,,,,,1e-05,1000000000.0,307280150.0,307280150.0,3073.0,,,,,30813.0,30813.0,,,,,,,,,,,,,,,,,,,,,,,,,,,,,,18357.0,0.0,18357.0,,,10713.0,,,,,,157443.0,,,,,,,,,,,,,,,,-146730.0,,,-18357.0,,,,,307280150.0,,
2019-06-30,2021-09-01,10-K,Frontera Group Inc.,FRTG,CIK0001602813,USD,,18357.0,,125300.0,0.0,,,-216.0,,1e-05,1000000000.0,307280150.0,307280150.0,3073.0,,,-630.0,,30813.0,30813.0,,,,,,0.0,0.21,-0.21,,,,7713.0,,,,,630.0,,,2784.0,,,,,,,,,,18357.0,0.0,18357.0,,-216.0,7713.0,,,,3000.0,-3000.0,157443.0,,,,10713.0,10713.0,,,,,,10713.0,,3000.0,-3000.0,,-146730.0,,,-18357.0,,,,,307280150.0,,
2019-09-30,2021-09-01,10-Q,Frontera Group Inc.,FRTG,CIK0001602813,USD,,18357.0,,125300.0,0.0,,,,,1e-05,1000000000.0,307280150.0,307280150.0,3073.0,,,,,30813.0,30813.0,,,,,,,,,,,,,,,,,,,,,,,,,,,,,,18357.0,0.0,18357.0,,,,,,,,,157443.0,,,,,,,,,,,,,,,,-146730.0,,,-18357.0,,,,,307280150.0,,
2019-12-31,2021-09-01,10-Q,Frontera Group Inc.,FRTG,CIK0001602813,USD,,18357.0,,125300.0,0.0,,,,,1e-05,1000000000.0,307280150.0,307280150.0,3073.0,,,,,30813.0,30813.0,,,,,,,,,,,,,,,,,,,,,,,,,,,,,,18357.0,0.0,18357.0,,,,,,,,,154443.0,,,,,,,,,,,,,,,,-146730.0,,,-18357.0,,,,,307280150.0,,
2020-03-31,2021-09-01,10-Q,Frontera Group Inc.,FRTG,CIK0001602813,USD,,18357.0,,125300.0,0.0,,,,,1e-05,1000000000.0,307280150.0,307280150.0,3073.0,,,,,30813.0,30813.0,,,,,,,,,,,,,,,,,,,,,,,,,,,,,,18357.0,0.0,18357.0,,,,,,,,,157443.0,,,,,,,,,,,,,,,,-146730.0,,,-18357.0,,,,,307280150.0,,
2020-06-30,2021-09-01,10-K,Frontera Group Inc.,FRTG,CIK0001602813,USD,,18357.0,,125300.0,0.0,,,,,1e-05,1000000000.0,307280150.0,307280150.0,3073.0,,,,,30813.0,30813.0,,,,,,,,,,,,,,,,,,,,,,,,,,,,,,18357.0,0.0,18357.0,,,,,,,,,157443.0,,,,,,,,,,,,,,,,-146730.0,,,-18357.0,,,,,307280150.0,,
2020-09-30,2021-09-01,10-Q,Frontera Group Inc.,FRTG,CIK0001602813,USD,,18357.0,,125300.0,0.0,,,,,1e-05,1000000000.0,307280150.0,307280150.0,3073.0,,,,,30813.0,30813.0,,,,,,,,,,,,,,,,,,,,,,,,,,,,,,18357.0,0.0,18357.0,,,,,,,,,157443.0,,,,,,,,,,,,,,,,-146730.0,,,-18357.0,,,,,307280150.0,,
2020-12-31,2021-09-01,10-Q,Frontera Group Inc.,FRTG,CIK0001602813,USD,,18357.0,,125300.0,0.0,,,,,1e-05,1000000000.0,307280150.0,307280150.0,3073.0,,,,,30813.0,30813.0,,,,,,,,,,,,,,,,,,,,,,,,,,,,,,18357.0,0.0,18357.0,,,,,,,,,157443.0,,,,,,,,,,,,,,,,-146730.0,,,-18357.0,,,,,307280150.0,,
2021-03-31,2021-09-01,10-Q,Frontera Group Inc.,FRTG,CIK0001602813,USD,,18357.0,,125300.0,0.0,,,,,1e-05,1000000000.0,307280150.0,307280150.0,3073.0,,,,,30813.0,30813.0,,,,,,,,,,,,,,,,,,,,,,,,,,,,,,18357.0,0.0,18357.0,,,,,,,,,157443.0,,,,,,,,,,,,,,,,-146730.0,,,-18357.0,,,,,307280150.0,,
2021-06-30,2021-09-01,10-K,Frontera Group Inc.,FRTG,CIK0001602813,USD,,18357.0,,125300.0,0.0,,,,,1e-05,1000000000.0,307280150.0,307280150.0,3073.0,,,,,30813.0,30813.0,,,,,,,,,,,,,,,,,,,,,,,,,,,,,,18357.0,0.0,18357.0,,,,,,,,,146730.0,,,,,,,,,,,,,,,,-146730.0,,,-18357.0,,,,,307280150.0,,
2021-09-30,2021-11-18,10-Q,Frontera Group Inc.,FRTG,CIK0001602813,USD,,28357.0,,131162.0,3000.0,3000.0,3000.0,3000.0,,1e-05,1000000000.0,21030150.0,21030150.0,211.0,,,,,33843.0,33843.0,,,,14425.0,,,,,,,,-24425.0,,,,,,,,10000.0,,,,,,,,,,42782.0,3000.0,42782.0,17425.0,-14425.0,-24425.0,,,,24425.0,,161155.0,,,,,,,,,3000.0,,,,24425.0,,,-171155.0,,,-39782.0,,,,3000.0,191540651.0,,
2021-12-31,2022-02-18,10-Q,Frontera Group Inc.,FRTG,CIK0001602813,USD,,29312.0,,134925.0,7000.0,7000.0,7000.0,,,1e-05,1000000000.0,44780150.0,44780150.0,448.0,,,,,36143.0,36143.0,,,,14425.0,,,,,,,,-955.0,,,,,,,,,,,,,,,,,,43737.0,7000.0,43737.0,,,-955.0,,,,955.0,,172110.0,,,,,,,,,,,,,955.0,,,-172110.0,,,-36737.0,,,,4000.0,45011251.0,,
