end,filed,form,Name,Ticker,CIK,Currency,AccountsAndOtherReceivablesNetCurrent,AccountsPayableCurrent,AccountsPayableOtherCurrent,AccountsReceivableGrossCurrent,AccountsReceivableNetCurrent,AccruedIncomeTaxesCurrent,AccruedLiabilitiesCurrent,AccruedSalesCommissionCurrent,AccumulatedDepreciationDepletionAndAmortizationPropertyPlantAndEquipment,AdditionalPaidInCapitalCommonStock,AllowanceForDoubtfulAccountsReceivable,AllowanceForDoubtfulAccountsReceivableCurrent,Assets,AssetsCurrent,BillingsInExcessOfCostCurrent,BuildingsAndImprovementsGross,CashAndCashEquivalentsAtCarryingValue,CashAndCashEquivalentsPeriodIncreaseDecrease,CashCashEquivalentsRestrictedCashAndRestrictedCashEquivalentsPeriodIncreaseDecreaseIncludingExchangeRateEffect,CashSurrenderValueOfLifeInsurance,CommonStockIncludingAdditionalPaidInCapital,CommonStockParOrStatedValuePerShare,CommonStockSharesAuthorized,CommonStockSharesIssued,CommonStockValue,ContractReceivableRetainageDueOneYearOrLess,CostOfGoodsAndServicesSold,CostOfGoodsSold,CostsInExcessOfBillingsOnUncompletedContractsOrPrograms,CostsInExcessOfBillingsOnUncompletedContractsOrProgramsExpectedToBeCollectedWithinOneYear,CurrentFederalTaxExpenseBenefit,CurrentIncomeTaxExpenseBenefit,CurrentStateAndLocalTaxExpenseBenefit,DeferredFederalIncomeTaxExpenseBenefit,DeferredIncomeTaxAssetsNet,DeferredIncomeTaxExpenseBenefit,DeferredIncomeTaxesAndOtherTaxLiabilitiesNoncurrent,DeferredStateAndLocalIncomeTaxExpenseBenefit,DeferredTaxAssetsDeferredIncome,DeferredTaxAssetsGross,DeferredTaxAssetsInventory,DeferredTaxAssetsLiabilitiesNetNoncurrent,DeferredTaxAssetsNet,DeferredTaxAssetsNetCurrent,DeferredTaxAssetsNetNoncurrent,DeferredTaxAssetsTaxCreditCarryforwards,DeferredTaxAssetsTaxDeferredExpenseCompensationAndBenefitsCompensatedAbsences,DeferredTaxAssetsTaxDeferredExpenseCompensationAndBenefitsOther,DeferredTaxAssetsTaxDeferredExpenseCompensationAndBenefitsShareBasedCompensationCost,DeferredTaxAssetsTaxDeferredExpenseReservesAndAccrualsAccruedLiabilities,DeferredTaxAssetsTaxDeferredExpenseReservesAndAccrualsAllowanceForDoubtfulAccounts,DeferredTaxAssetsTaxDeferredExpenseReservesAndAccrualsLossReserves,DeferredTaxAssetsTaxDeferredExpenseReservesAndAccrualsWarrantyReserves,DeferredTaxLiabilitiesNoncurrent,DeferredTaxLiabilitiesPropertyPlantAndEquipment,Depreciation,DepreciationDepletionAndAmortization,EarningsPerShareBasic,EarningsPerShareBasicAndDiluted,EarningsPerShareDiluted,EffectiveIncomeTaxRateContinuingOperations,EffectiveIncomeTaxRateReconciliationAtFederalStatutoryIncomeTaxRate,EffectiveIncomeTaxRateReconciliationDeductionsOther,EffectiveIncomeTaxRateReconciliationOtherAdjustments,EffectiveIncomeTaxRateReconciliationStateAndLocalIncomeTaxes,EffectiveIncomeTaxRateReconciliationTaxCreditsResearch,FurnitureAndFixturesGross,GainsLossesOnExtinguishmentOfDebt,GrossProfit,IncomeLossFromContinuingOperationsBeforeIncomeTaxesExtraordinaryItemsNoncontrollingInterest,IncomeTaxCreditsAndAdjustments,IncomeTaxExpenseBenefit,IncomeTaxExpenseBenefitContinuingOperations,IncomeTaxesPaid,IncomeTaxReconciliationChangeInEnactedTaxRate,IncomeTaxReconciliationDeductionsOther,IncomeTaxReconciliationDeductionsQualifiedProductionActivities,IncomeTaxReconciliationIncomeTaxExpenseBenefitAtFederalStatutoryIncomeTaxRate,IncomeTaxReconciliationNondeductibleExpense,IncomeTaxReconciliationNondeductibleExpenseOther,IncomeTaxReconciliationOtherAdjustments,IncomeTaxReconciliationStateAndLocalIncomeTaxes,IncomeTaxReconciliationTaxCreditsResearch,IncreaseDecreaseInAccountsAndOtherReceivables,IncreaseDecreaseInAccountsPayableTrade,IncreaseDecreaseInAccountsReceivable,IncreaseDecreaseInAccruedTaxesPayable,IncreaseDecreaseInBillingInExcessOfCostOfEarnings,IncreaseDecreaseInInventories,IncreaseDecreaseInOtherAccruedLiabilities,IncreaseDecreaseInOtherCurrentAssets,IncreaseDecreaseInOtherCurrentLiabilities,IncreaseDecreaseInOtherOperatingLiabilities,IncreaseDecreaseInPrepaidExpense,IncreaseDecreaseInPrepaidTaxes,IncreaseDecreaseInUnbilledReceivables,IncrementalCommonSharesAttributableToShareBasedPaymentArrangements,InterestIncomeExpenseNet,InterestPaid,InventoryFinishedGoods,InventoryForLongTermContractsOrPrograms,InventoryGross,InventoryNet,InventoryNoncurrent,InventoryPartsAndComponentsNetOfReserves,InventoryRawMaterials,InventoryRawMaterialsAndSupplies,InventoryValuationReserves,InventoryWorkInProcess,InventoryWriteDown,Land,LandImprovements,LiabilitiesAndStockholdersEquity,LiabilitiesCurrent,LiabilitiesNoncurrent,LineOfCreditFacilityAmountOutstanding,LineOfCreditFacilityCurrentBorrowingCapacity,LineOfCreditFacilityFairValueOfAmountOutstanding,LinesOfCreditCurrent,LongTermDebt,LongTermDebtComponentsCommercialLoansCurrent,LongTermDebtCurrent,LongTermDebtNoncurrent,MachineryAndEquipmentGross,NetCashProvidedByUsedInFinancingActivities,NetCashProvidedByUsedInInvestingActivities,NetCashProvidedByUsedInOperatingActivities,NetIncomeLoss,NonoperatingIncomeExpense,OperatingIncomeLoss,OtherAssetsCurrent,OtherAssetsMiscellaneousNoncurrent,OtherGeneralAndAdministrativeExpense,OtherInventoryNoncurrent,OtherLiabilitiesCurrent,OtherNonoperatingIncome,OtherNonoperatingIncomeExpense,OtherSellingGeneralAndAdministrativeExpense,PaymentsForProceedsFromLifeInsurancePolicies,PaymentsForProceedsFromOtherInvestingActivities,PaymentsForRepurchaseOfCommonStock,PaymentsToAcquireAvailableForSaleSecuritiesDebt,PaymentsToAcquirePropertyPlantAndEquipment,PensionExpense,PreferredStockSharesAuthorized,PrepaidExpenseCurrent,PrepaidTaxes,ProceedsFromBankDebt,ProceedsFromIssuanceOfCommonStock,ProceedsFromIssuanceOfSharesUnderIncentiveAndShareBasedCompensationPlans,ProceedsFromRepaymentsOfLinesOfCredit,ProceedsFromRepaymentsOfOtherLongTermDebt,PropertyPlantAndEquipmentGross,PropertyPlantAndEquipmentNet,PropertyPlantAndEquipmentOther,ProvisionForDoubtfulAccounts,ReceivablesFromCustomers,ResearchAndDevelopmentExpense,RetainedEarningsAccumulatedDeficit,Revenues,SalesRevenueGoodsNet,SalesRevenueNet,SellingGeneralAndAdministrativeExpense,ShareBasedCompensation,ShareBasedCompensationArrangementByShareBasedPaymentAwardFairValueAssumptionsExpectedDividendRate,ShareBasedCompensationArrangementByShareBasedPaymentAwardFairValueAssumptionsExpectedVolatilityRate,ShareBasedCompensationArrangementByShareBasedPaymentAwardFairValueAssumptionsRiskFreeInterestRate,ShareBasedCompensationArrangementByShareBasedPaymentAwardNumberOfSharesAuthorized,ShareBasedCompensationArrangementByShareBasedPaymentAwardNumberOfSharesAvailableForGrant,ShareBasedCompensationArrangementByShareBasedPaymentAwardOptionsExpirationsInPeriod,ShareBasedCompensationArrangementByShareBasedPaymentAwardOptionsGrantsInPeriodGross,ShareBasedCompensationArrangementByShareBasedPaymentAwardOptionsGrantsInPeriodWeightedAverageGrantDateFairValue,ShareBasedCompensationArrangementByShareBasedPaymentAwardOptionsOutstandingIntrinsicValue,ShareBasedCompensationArrangementByShareBasedPaymentAwardOptionsOutstandingNumber,ShareBasedCompensationArrangementByShareBasedPaymentAwardOptionsOutstandingWeightedAverageExercisePrice,ShareBasedCompensationArrangementsByShareBasedPaymentAwardOptionsExercisesInPeriodWeightedAverageExercisePrice,ShareBasedCompensationArrangementsByShareBasedPaymentAwardOptionsExpirationsInPeriodWeightedAverageExercisePrice,ShareBasedCompensationArrangementsByShareBasedPaymentAwardOptionsGrantsInPeriodWeightedAverageExercisePrice,ShareBasedCompensationSharesAuthorizedUnderStockOptionPlansExercisePriceRangeNumberOfExercisableOptions,SharebasedCompensationSharesAuthorizedUnderStockOptionPlansExercisePriceRangeExercisableOptionsWeightedAverageExercisePrice1,SharePrice,ShippingHandlingAndTransportationCosts,ShortTermBankLoansAndNotesPayable,ShortTermInvestments,StockholdersEquity,StockholdersEquityBeforeTreasuryStock,StockIssuedDuringPeriodSharesEmployeeStockPurchasePlans,StockIssuedDuringPeriodSharesStockOptionsExercised,StockOptionPlanExpense,TreasuryStockAcquiredAverageCostPerShare,TreasuryStockShares,TreasuryStockSharesAcquired,TreasuryStockValue,TreasuryStockValueAcquiredCostMethod,WeightedAverageNumberOfDilutedSharesOutstanding,WeightedAverageNumberOfShareOutstandingBasicAndDiluted,WeightedAverageNumberOfSharesOutstandingBasic
2010-05-31,2010-08-25,10-K,TAYLOR DEVICES INC,TAYD,CIK0000096536,USD,,,,,,,,,,,,,,,,,197587.0,,,,,,,,,,,,,,,,,,,,,,,,,,,,,,,,,,,,,,,,,,,,,,,,,,,,,,,,,,,,,,,,,,,,,,,,,,,,,,,,,,,,,,,,,,,,,,,,,,,,,,,,,,,,,,,,,,,,,,,,,,,,,,,,,,,,,,,,,,,,,,,,,,,,,,,,,,,,,,,,,,,,,,,,,,,,,,,,,,,,
2011-05-31,2011-08-25,10-K,TAYLOR DEVICES INC,TAYD,CIK0000096536,USD,,1292095.0,,,2136848.0,,1329341.0,433355.0,,6627463.0,,,19878028.0,15470435.0,152505.0,,2193534.0,1995947.0,,147970.0,6720784.0,,,,93321.0,,,15347519.0,4189799.0,,,,,-10500.0,,,278485.0,,818900.0,,,,,,,,,,,,,,,,,,470755.0,,0.44,,,,,,,,,,5558787.0,1709709.0,,,293200.0,,,,,,,,,,,,195806.0,2896547.0,,-215259.0,886127.0,-219314.0,,,52907.0,-255771.0,127456.0,-3138445.0,,9784.0,,,,,,,5352424.0,,,,,108169.0,,,19878028.0,3212781.0,282142.0,,,,,,5485.0,5485.0,3657.0,,-7448.0,-392016.0,2395411.0,1416509.0,227218.0,1482491.0,1597830.0,147970.0,,846177.0,1329341.0,,217434.0,,5615.0,,30418.0,,386401.0,,,539900.0,239030.0,,28454.0,,,-5484.0,,3413446.0,,,,,11924023.0,,20906306.0,,4076296.0,,,,,,,,,,173570.0,229000.0,5.21,,,,,,,,,,16383105.0,,,,80424.0,,,,2261702.0,,,,
2011-08-31,2011-10-13,10-Q,TAYLOR DEVICES INC,TAYD,CIK0000096536,USD,,,,,,,,,,,,,,,,,2871751.0,678217.0,,,,,,,,,,2734583.0,,,,,,,,,,,,,,,,,,,,,,,,,,,,,128553.0,,0.13,,,,,,,,,,1838119.0,588117.0,,,180000.0,,,,,,,,,,,,346473.0,68158.0,,323962.0,-1465897.0,,275142.0,1055413.0,-100157.0,,,72559.0,,,,,,,,,,,,,,,,,,,,,,,,,,,,,-48580.0,-412028.0,1138825.0,408117.0,,552218.0,,,,,,,35899.0,,,1347.0,49767.0,,410681.0,,,,,,2559.0,,-1372.0,,,,,,,,,,4572702.0,,1285901.0,,,,,,,,,,,,,,,,,,,,,,,,,,26502.0,,,,,,,,3222455.0
2011-11-30,2012-01-12,10-Q,TAYLOR DEVICES INC,TAYD,CIK0000096536,USD,,,,,,,,,,,,,,,,,1928455.0,,,,,,,,,,,5129566.0,,,,,,,,,,,,,,,,,,,,,,,,,,,,,,,0.13,,,,,,,,,,1652188.0,617741.0,,,204000.0,,,,,,,,,,,,,,,,,,,,,,,,,,,,,,,,,,,,,,,,,,,,,,,,,,,,,,,413741.0,,614563.0,,,,,,,3178.0,,,,,,,,,,,,,,,,,,,,,,,,6781754.0,,1037625.0,,,,,,,,,,,,,,,,,,,,,,,,,,,,,,,,,,3233056.0
2012-02-29,2012-04-12,10-Q,TAYLOR DEVICES INC,TAYD,CIK0000096536,USD,,,,,,,,,,,,,,,,,641429.0,,,,,,,,,,,5700759.0,,,,,,,,,,,,,,,,,,,,,,,,,,,,,,,0.16,,,,,,,,,,2308077.0,769213.0,,,255000.0,,,,,,,,,,,,,,,,,,,,,,,,,,,,,,,,,,,,,,,,,,,,,,,,,,,,,,,514213.0,,754373.0,,,,,,,14840.0,,,,,,,,,,,,,,,,,,,,,,,,8008836.0,,1553704.0,,,,,,,,,,,,,,,,,,,,,,,,,,,,,,,,,,3243282.0
2012-05-31,2012-08-29,10-K,TAYLOR DEVICES INC,TAYD,CIK0000096536,USD,,3361742.0,226413.0,5652352.0,5610328.0,140977.0,2116755.0,631221.0,7598756.0,7276694.0,,42024.0,26461897.0,20981560.0,668900.0,4773388.0,73952.0,-2119582.0,,153550.0,7372689.0,,,,95995.0,1430249.0,,20140382.0,5492028.0,4823128.0,872500.0,876000.0,3500.0,-125700.0,,-126000.0,283985.0,-300.0,950400.0,950400.0,99200.0,,666415.0,,,,64500.0,,166800.0,9300.0,14400.0,495200.0,101000.0,,-283985.0,,482152.0,0.67,0.67,0.67,0.254,1002700.0,-27200.0,-20800.0,2300.0,-207000.0,962358.0,,8866430.0,2948931.0,,,750000.0,496493.0,,,,,,,,,,,2069647.0,-3473480.0,140977.0,516395.0,-3198768.0,787414.0,,,197866.0,57583.0,239030.0,-1302229.0,34363.0,28435.0,0.0,738280.0,9669917.0,8472535.0,8372535.0,2198042.0,8372535.0,622243.0,,100000.0,7112012.0,180000.0,189083.0,,26461897.0,7181252.0,283985.0,258000.0,,,258000.0,-3657.0,,3657.0,0.0,6083178.0,550377.0,-1556239.0,-1113720.0,2198931.0,61850.0,2887081.0,1432717.0,153550.0,,844834.0,2257732.0,,33415.0,,5580.0,,49767.0,,1550659.0,63016.0,,482317.0,,,347629.0,524118.0,258000.0,-5485.0,12080709.0,4481953.0,72702.0,,4222103.0,,14122954.0,,29006812.0,29006812.0,5979349.0,116762.0,0.0,0.78,0.0226,,,0.0,40250.0,2.9,336604.0,163750.0,6.3,4.97,,8.99,163750.0,6.3,9.55,802147.0,,,18996660.0,,1477.0,105500.0,116762.0,,,,2498983.0,,3303615.0,,3269252.0
2012-08-31,2012-10-11,10-Q,TAYLOR DEVICES INC,TAYD,CIK0000096536,USD,,,,,,,,,,,,,,,,,277816.0,203864.0,,,,,,,,,,4698057.0,,,,,,,,,,,,,,,,,,,,,,,,,,,,,127384.0,,0.18,,,,,,,,,,2618610.0,902817.0,,295000.0,295000.0,,,,,,,,,,,,-1519105.0,-2747163.0,,-433292.0,-676722.0,,132242.0,27503.0,69237.0,,,1628592.0,,,,,,,,,,,,,,,,,,,,,,,,,,,,,3481306.0,-529534.0,-2747908.0,607817.0,,895937.0,,,,,,,6880.0,,,1346.0,,,528188.0,,,,,,2963.0,,3478343.0,,,,,,,,,,7316667.0,,1722673.0,,,,,,,,,,,,,,,,,,,,,,,,,,35599.0,,,,,,,,3309758.0
2012-11-30,2013-01-14,10-Q,TAYLOR DEVICES INC,TAYD,CIK0000096536,USD,,,,,,,,,,,,,,,,,32808.0,,,,,,,,,,,4025199.0,,,,,,,,,,,,,,,,,,,,,,,,,,,,,,,0.23,,,,,,,,,,2482973.0,1156361.0,,387000.0,387000.0,,,,,,,,,,,,,,,,,,,,,,,,,,,,,,,,,,,,,,,,,,,,,,,,,,,,,,,769361.0,,1171877.0,,,,,,,-15516.0,,,,,,,,,,,,,,,,,,,,,,,,6508172.0,,1311096.0,,,,,,,,,,,,,,,,,,,,,,,,,,,,,,,,,3309841.0,3309841.0
2013-02-28,2013-04-11,10-Q,TAYLOR DEVICES INC,TAYD,CIK0000096536,USD,,1248169.0,,,4606307.0,,,490765.0,,,,,24609292.0,17141496.0,72300.0,,355299.0,,,,7416985.0,,,,,,,3690216.0,1878562.0,,,,,,,,,,,,,,,,,,,,,,,,,,,,,,0.19,,,,,,,,,,2062724.0,930515.0,,308000.0,308000.0,,,,,,,,,,,,,,,,,,,,,,,,,,,,,,,,9007269.0,,,,,,,,24609292.0,3284658.0,283985.0,,,,,,,,,,,,,622515.0,,932545.0,1294059.0,157740.0,,1080110.0,1473424.0,,-2030.0,,,,,,,,,,,,,,,,,6229946.0,,,,,16122647.0,,5752940.0,,1130179.0,,,,,,,,,,,,,,,,,,,,,,21040649.0,,,,,,,,2498983.0,,,3310048.0,3310048.0
2013-05-31,2013-08-29,10-K,TAYLOR DEVICES INC,TAYD,CIK0000096536,USD,,1166162.0,113095.0,2286599.0,2894344.0,,1736357.0,429839.0,8138074.0,7778994.0,42024.0,42024.0,27430776.0,18561911.0,850531.0,7214445.0,1997874.0,1923922.0,,159078.0,,,,,96029.0,355421.0,,15965255.0,2373791.0,2285941.0,911000.0,910000.0,-1000.0,2000.0,,2000.0,398185.0,,,1062600.0,209500.0,,664415.0,1062600.0,,142000.0,60200.0,,182800.0,4000.0,14400.0,465400.0,126300.0,398185.0,-398185.0,564262.0,564262.0,0.77,,0.76,0.264,1176400.0,-29800.0,-18700.0,-2900.0,-213000.0,1091929.0,,8764330.0,3459794.0,,912000.0,912000.0,1208114.0,,,,,,,,,,,-2152145.0,3365753.0,-140977.0,-497019.0,-991116.0,-380398.0,,,-194489.0,182541.0,-157137.0,3034206.0,46778.0,-45460.0,45885.0,765323.0,2822541.0,9224186.0,9124186.0,2169148.0,8978302.0,582591.0,,100000.0,7876272.0,180000.0,195220.0,63300.0,27430776.0,3790320.0,558485.0,0.0,6000000.0,0.0,,,,,0.0,6711011.0,-249940.0,-3298999.0,5472861.0,2547794.0,-6868.0,3466662.0,1521832.0,164568.0,,836569.0,1343788.0,,38592.0,,5528.0,,,,3293471.0,72655.0,2000000.0,299776.0,157137.0,,11717.0,,-258000.0,-3657.0,15349236.0,7867728.0,73331.0,,1931178.0,,17801960.0,,24729585.0,24729585.0,5297668.0,109586.0,0.0,0.44,0.0221,160000.0,143250.0,1500.0,44500.0,2.46,377891.0,206750.0,6.63,0.0,,7.84,206750.0,6.63,8.07,715031.0,,,23081971.0,,1359.0,0.0,109586.0,5.41,,9200.0,2498983.0,49767.0,3357292.0,,3310514.0
2013-08-31,2013-10-10,10-Q,TAYLOR DEVICES INC,TAYD,CIK0000096536,USD,,1064731.0,,,2637224.0,,,516118.0,,7697851.0,,,24983423.0,16219286.0,167840.0,,74387.0,-1923487.0,,,,,,,,,,4017565.0,3121918.0,,,,,,,,,,,,,,,,,,,,,,,,,,,,178110.0,,0.06,,0.23,,,,,,,,1279101.0,262263.0,,61000.0,,,,,,,,,,,,,-144866.0,-392649.0,,-4041.0,339315.0,,-80341.0,-970688.0,79386.0,,,-664096.0,,,,,,,,,8785903.0,,,,,,,,24983423.0,2514359.0,398185.0,,,,,,,,,,160558.0,-668739.0,-1415306.0,201263.0,,253915.0,1599854.0,160428.0,,903268.0,765670.0,,8348.0,,,1350.0,,,667389.0,,,,,,160558.0,,,,,7700441.0,,,,,16872011.0,,5296666.0,,1025186.0,,,,,,,,,,,,,,,,,,,,,,22070879.0,,,,43301.0,,,,2498983.0,,,3318602.0,3318602.0
2013-11-30,2014-01-13,10-Q,TAYLOR DEVICES INC,TAYD,CIK0000096536,USD,,1186021.0,,,2362344.0,,,452119.0,,7700525.0,,,26239922.0,17108574.0,654943.0,,1326565.0,,,,,,,,,,,3292407.0,2978461.0,,,,,,,,,,,,,,,,,,,,,,,,,,,,,,0.09,,,,,,,,,,1308045.0,426423.0,,120000.0,,,,,,,,,,,,,,,,,,,,,,,,,,,,,,,,,9015815.0,,,,,,,,26239922.0,3461761.0,398185.0,,,,,,,,,,,,,306423.0,,424367.0,1425389.0,161778.0,,1041126.0,1168678.0,2056.0,2056.0,,,,,,,,,,,,,,,,,7928444.0,,,,,17178434.0,,4600452.0,,883678.0,,,,,,,,,,,,,,,,,,,,,,22379976.0,,,,,,,,2498983.0,,,3322424.0,
2014-02-28,2014-04-11,10-Q,TAYLOR DEVICES INC,TAYD,CIK0000096536,USD,,1057259.0,,,2897299.0,,,379287.0,,7705853.0,,,26358304.0,17302600.0,735585.0,,1045295.0,,,,,,,,,,,3495159.0,2939241.0,,,,,,,,,,,,,,,,,,,,,,,,,,,,,,0.07,,,,,,,,,,1315196.0,350236.0,,128000.0,,,,,,,,,,,,,,,,,,,,,,,,,,,,,,,,,8966018.0,,,,,,,,26358304.0,3352579.0,398185.0,,,,,,,,,,,,,222236.0,,341654.0,1454747.0,163275.0,,910059.0,1180448.0,8582.0,8582.0,,,,,,,,,,,,,,,,,7982370.0,,,,,17400670.0,,4810355.0,,973542.0,,,,,,,,,,,,,,,,,,,,,,22607540.0,,,,,,,,2498983.0,,,3330105.0,
2014-05-31,2014-08-29,10-K,TAYLOR DEVICES INC,TAYD,CIK0000096536,USD,,1166162.0,264146.0,2904344.0,2894344.0,85023.0,1258765.0,429839.0,8837113.0,7682170.0,10000.0,,27430776.0,18561911.0,850531.0,7752647.0,2793642.0,795768.0,,164568.0,,,,,96824.0,556231.0,,14545882.0,2373791.0,1523260.0,311000.0,312700.0,1700.0,122900.0,,124300.0,,1400.0,,1098600.0,254600.0,,540115.0,1098600.0,,145000.0,59800.0,,207200.0,8900.0,3400.0,474800.0,89900.0,558485.0,558485.0,699039.0,699039.0,0.34,,0.34,0.279,533200.0,-17200.0,19000.0,1000.0,-99000.0,1222222.0,,5465346.0,1568212.0,,437000.0,,70540.0,,,,,,,,,,,-43435.0,-617745.0,85023.0,678650.0,33614.0,-477592.0,,,-6893.0,-123456.0,157137.0,84031.0,30830.0,860.0,831.0,357796.0,4126406.0,9078302.0,8978302.0,2128710.0,8978302.0,571491.0,,100000.0,8149015.0,180000.0,195220.0,371590.0,27430776.0,3790320.0,558485.0,,6000000.0,0.0,,,,,,7089831.0,172831.0,-1361095.0,1984032.0,1131212.0,22460.0,1545752.0,1521832.0,164568.0,,836569.0,1343788.0,,21600.0,,5490.0,,,,1355605.0,64282.0,2000000.0,423232.0,,,172831.0,157650.0,,,16704841.0,7867728.0,73331.0,-32024.0,2348113.0,,17801960.0,,20011228.0,20011228.0,3919594.0,112171.0,0.0,0.33,0.0325,160000.0,95250.0,5250.0,48000.0,2.34,398954.0,219500.0,7.31,5.26,,8.8,219500.0,7.31,8.83,108446.0,,,23081971.0,,1781.0,30000.0,112171.0,,530143.0,,2498983.0,,3372805.0,,3341975.0
2014-08-31,2014-10-14,10-Q,TAYLOR DEVICES INC,TAYD,CIK0000096536,USD,,,,,,,,,,,,,,,,,3501822.0,708180.0,,,,,,,,,,4866275.0,,,,,,,,,,,,,,,,,,,,,,,,,,,,,185628.0,,0.12,,0.35,,,,,,,,1685107.0,602306.0,,210000.0,,,,,,,,,,,,,620836.0,-366555.0,,537975.0,331491.0,,-9274.0,210971.0,23291.0,,,-1148099.0,,,,,,,,,,,,,,,,,,,,,,,,,,,,,4221.0,-111723.0,815682.0,392306.0,,598428.0,,,,,,,3878.0,,,1335.0,,,110388.0,,,,,,4221.0,,,,,,,,,,,,6551382.0,,1086679.0,,,,,,,,,,,,,,,,,,,,,,,,,,37112.0,,,,,,3342934.0,3342934.0,
2014-11-30,2015-01-13,10-Q,TAYLOR DEVICES INC,TAYD,CIK0000096536,USD,,1726811.0,,,3031469.0,,,494334.0,,7828858.0,,,30084166.0,21355325.0,2430296.0,,3160848.0,,,,,,,,,,,4716882.0,4773115.0,,,,,,,,,,,,,,,,,,,,,,,,,,,,,,0.15,,,,,,,,,,1988213.0,778313.0,,274000.0,,,,,,,,,,,,,,,,,,,,,,,,,,,,,,,,,8728190.0,,,,,,,,30084166.0,5497227.0,558485.0,,,,,,,,,,,,,504313.0,,771238.0,1661703.0,167457.0,,775264.0,845786.0,7075.0,,,,,,,,,,,,,,,,,,7786120.0,,,,,18698579.0,,6705095.0,,1216975.0,,,,,,,,,,,,,,,,,,,,,,24028454.0,,,,,,,,2498983.0,,,3343137.0,
2015-02-28,2015-04-14,10-Q,TAYLOR DEVICES INC,TAYD,CIK0000096536,USD,,2079165.0,,,3890872.0,,,448433.0,,7856645.0,,,29765633.0,21186829.0,1614195.0,,2372115.0,,,,,,,,,,,4832139.0,4100878.0,,,,,,,,,,,,,,,,,,,,,,,,,,,,,,0.12,,,,,,,,,,1734199.0,466754.0,,75000.0,,,,,,,,,,,,,,,,,,,,,,,,,,,,,,,,,9271452.0,,,,,,,,29765633.0,4737953.0,579685.0,,,,,,,,,,,,,391754.0,,463381.0,1551512.0,168693.0,,645322.0,596160.0,3373.0,,,,,,,,,,,,,,,,,,7764789.0,,,,,19090333.0,,6566338.0,,1270818.0,,,,,,,,,,,,,,,,,,,,,,24447995.0,,,,,,,,2498983.0,,,3344059.0,
2015-05-31,2015-08-27,10-K,TAYLOR DEVICES INC,TAYD,CIK0000096536,USD,,2703065.0,618974.0,4764513.0,4754757.0,,1395341.0,763463.0,9577957.0,7975397.0,9756.0,,33665108.0,24731673.0,2723472.0,7908653.0,4895898.0,2102256.0,,169995.0,,,,,97535.0,230370.0,,21844715.0,5169956.0,2446484.0,588700.0,589000.0,300.0,308900.0,,310000.0,,1100.0,,858900.0,77700.0,,230115.0,858900.0,,261000.0,63900.0,,244600.0,9300.0,3300.0,447700.0,12400.0,628785.0,628785.0,740844.0,740844.0,0.65,,0.64,0.292,1045200.0,-44700.0,-700.0,200.0,-101000.0,1328806.0,,8744551.0,3073948.0,,899000.0,,689000.0,,,,,,,,,,,1536903.0,-1860413.0,-85023.0,1872941.0,82886.0,136576.0,,,333624.0,48103.0,-14977.0,-2796165.0,52176.0,3988.0,0.0,584738.0,10439879.0,8762056.0,8662056.0,2102494.0,8662056.0,519598.0,519598.0,100000.0,7657720.0,180000.0,195220.0,379432.0,33665108.0,7585341.0,628785.0,,6000000.0,0.0,,,,,,7566026.0,77994.0,-752054.0,2776316.0,2174948.0,12505.0,3061443.0,1249006.0,169995.0,,889929.0,1395341.0,,8517.0,,5427.0,,,,746627.0,68612.0,2000000.0,375129.0,14977.0,,77994.0,160608.0,,,17451468.0,7873511.0,73331.0,,4534143.0,268000.0,19976908.0,,30589266.0,30589266.0,5683108.0,116069.0,0.0,0.28,0.023,160000.0,47250.0,,48000.0,2.42,1134531.0,240750.0,8.16,6.0,,10.82,240750.0,8.16,12.87,247077.0,,,25450982.0,,1688.0,26750.0,116069.0,,537733.0,,2598858.0,,3402209.0,,3350033.0
2015-08-31,2015-10-07,10-Q,TAYLOR DEVICES INC,TAYD,CIK0000096536,USD,,2506538.0,,,5589856.0,,,723252.0,,8202776.0,,,34499230.0,25519617.0,2463443.0,,4499259.0,-396639.0,,,,,,,,,,6098126.0,5013480.0,,,,,,,,,,,,,,,,,,,,,,,,,,,,193625.0,,0.3,,,,,,,,,,3375288.0,1551649.0,,542000.0,,,,,,,,,,,,,-196527.0,-835099.0,,-260029.0,-476853.0,,31056.0,191396.0,-40211.0,,,156476.0,,,,,,,,,9199072.0,,,,,,,,34499230.0,7279970.0,628785.0,,,,,,,,,,69125.0,-299966.0,-165798.0,1009649.0,,1548299.0,1217950.0,171297.0,,829766.0,1586737.0,,3350.0,,,1302.0,,,298664.0,,,,,,69125.0,,,,,7978550.0,,,,,20986557.0,,9473414.0,,1826989.0,,,,,,,,,,,,,,,,,,,,,,26590475.0,,,,60719.0,,,,2598858.0,,3365821.0,3365821.0,
2015-11-30,2016-01-12,10-Q,TAYLOR DEVICES INC,TAYD,CIK0000096536,USD,,1976940.0,,,6637968.0,,,606215.0,,8444597.0,,,36248421.0,26997210.0,3621486.0,,4498238.0,,,,,,,,,,,5824754.0,4968011.0,,,,,,,,,,,,,,,,,,,,,,,,,,,,,,0.27,,,,,,,,,,2994794.0,1424658.0,,500000.0,,,,,,,,,,,,,,,,,,,,,,,,,,,,493514.0,,9842536.0,9742536.0,,9742536.0,,519669.0,100000.0,8829353.0,,,,36248421.0,7907607.0,628785.0,,,,,,,,,,,,,924658.0,,1418569.0,1150457.0,172842.0,,745550.0,1702966.0,6089.0,6089.0,,,,,,,,,,,,,,,,,8332819.0,,,,,21911215.0,,8819548.0,,1576225.0,,,,,,,,,,,,,,,,,,,,,,27712029.0,,,,,,,,2643783.0,,,3370018.0,
2016-02-29,2016-04-12,10-Q,TAYLOR DEVICES INC,TAYD,CIK0000096536,USD,,2086950.0,,,4734856.0,,,507874.0,,8449239.0,,,36623318.0,27458226.0,2379849.0,,6787766.0,,,,,,,,,,,5010028.0,4498416.0,,,,,,,,,,,,,,,,,,,,,,,,,,,,,,0.35,,,,,,,,,,3316119.0,1673604.0,,492000.0,,,,,,,,,,,,,,,,,,,,,,,,,,,,627098.0,,10376725.0,10276725.0,,10276725.0,,513888.0,100000.0,9235739.0,,,,36623318.0,7096258.0,628785.0,,,,,,,,,,,,,1181604.0,,1670883.0,1160463.0,174057.0,,662948.0,2121585.0,2721.0,2721.0,,,,,,,,,,,,,,,,,8328087.0,,,,,23092819.0,,8326147.0,,1645236.0,,,,,,,,,,,,,,,,,,,,,,28898275.0,,,,,,,,2643783.0,,,3378446.0,
2016-05-31,2016-08-29,10-K,TAYLOR DEVICES INC,TAYD,CIK0000096536,USD,,1767017.0,517960.0,4011970.0,3992214.0,,2733847.0,683600.0,10325216.0,8529542.0,19756.0,,36805314.0,26656302.0,1463621.0,8741209.0,6086080.0,1190182.0,,175350.0,,0.025,8000000.0,,98738.0,531189.0,,23243451.0,5500771.0,4037150.0,1609500.0,1610000.0,500.0,-51500.0,,-52000.0,,-500.0,,965100.0,95500.0,,282115.0,282115.0,,262000.0,73700.0,,273000.0,7200.0,6700.0,463600.0,45400.0,682985.0,682985.0,818385.0,818385.0,1.24,,1.21,0.27,1960500.0,-165700.0,28800.0,400.0,-266000.0,1398016.0,,12436998.0,5766225.0,,1558000.0,,1794100.0,,165700.0,,1960500.0,,28800.0,,400.0,266000.0,,936048.0,752543.0,,1259851.0,930014.0,1338506.0,,,79863.0,101925.0,184100.0,330815.0,82508.0,10748.0,0.0,554358.0,11441874.0,9704956.0,9604956.0,697043.0,9604956.0,511530.0,511530.0,100000.0,8639068.0,180000.0,195220.0,402022.0,36805314.0,6648085.0,682985.0,,6000000.0,0.0,,,,,,8498997.0,346838.0,2944733.0,3788077.0,4208225.0,17818.0,5748407.0,1437381.0,175350.0,,1956626.0,2733847.0,,7070.0,,-5355.0,,,-1000000.0,-1939378.0,85392.0,2000000.0,273204.0,199077.0,,346838.0,384325.0,,,19319720.0,8994504.0,84256.0,10000.0,3480781.0,428000.0,24185133.0,,35680449.0,35680449.0,6688591.0,151184.0,0.0,0.26,0.015,160000.0,157750.0,,49500.0,3.05,1745254.0,243500.0,9.53,8.221,,14.982,243500.0,9.53,16.7,272353.0,,1000000.0,30157229.0,32813413.0,1409.0,46750.0,151184.0,,541296.0,,2656184.0,,3476427.0,,3393919.0
2016-08-31,2016-10-14,10-Q,TAYLOR DEVICES INC,TAYD,CIK0000096536,USD,,1611315.0,,,3575613.0,,,684444.0,,8879578.0,,,36404696.0,26083283.0,940990.0,,4970494.0,-1115586.0,,,,,,,,,,4307589.0,4882853.0,,,,,,,,,,,,,,,,,,,,,,,,,,,,220069.0,,0.06,,,,,,,,,,1448124.0,275834.0,,66000.0,,,,,,,,,,,,,-155702.0,416601.0,,-522631.0,-599284.0,,-12717.0,-839371.0,844.0,,,617918.0,,,,658084.0,,10304225.0,10204225.0,,10204225.0,,481957.0,100000.0,9164184.0,,,,36404696.0,5131225.0,682985.0,,,,,,,,,,,-674570.0,-585650.0,209834.0,,266150.0,1450098.0,176607.0,,697058.0,1894476.0,,9684.0,,,1257.0,,,673313.0,,,,,,144634.0,,,,,9447748.0,,,,,24394967.0,,5755713.0,,1181974.0,,,,,,,,,,,,,,,,,,,,,1000000.0,30590486.0,,,,78789.0,,,,2684059.0,,,3412858.0,
2016-11-30,2017-01-12,10-Q,TAYLOR DEVICES INC,TAYD,CIK0000096536,USD,,2041703.0,,,3783449.0,,,898572.0,,9003309.0,,,37653078.0,27087652.0,838417.0,,4015826.0,,,,,,,,,,,5061495.0,6424624.0,,,,,,,,,,,,,,,,,,,,,,,,,,,,,,0.27,,,,,,,,,,2745970.0,1398280.0,,460000.0,,,,,,,,,,,,,,,,,,,,,,,,,,,,719480.0,,10676467.0,10576467.0,,10576467.0,,522315.0,100000.0,9434672.0,,,,37653078.0,5435021.0,682985.0,,,,,,,,,,,,,938280.0,,1372244.0,1273040.0,178128.0,,609545.0,1656329.0,26036.0,26036.0,,,,,,,,,,,,,,,,,9777753.0,,,,,25333247.0,,7807465.0,,1373726.0,,,,,,,,,,,,,,,,,,,,,1014246.0,31535072.0,,,,,,,,2801484.0,,,3415683.0,
2017-02-28,2017-04-13,10-Q,TAYLOR DEVICES INC,TAYD,CIK0000096536,USD,,1485166.0,,,4187051.0,,,886945.0,,9009189.0,,,37301647.0,26520855.0,1481253.0,,775246.0,,,,,,,,,,,4028768.0,7709277.0,,,,,,,,,,,,,,,,,,,,,,,,,,,,,,0.1,,,,,,,,,,1643952.0,480203.0,,142000.0,,,,,,,,,,,,,,,,,,,,,,,,,,,,734682.0,,11556101.0,11456101.0,,11456101.0,,555501.0,100000.0,10265918.0,,,,37301647.0,4739507.0,682985.0,,,,,,,,,,,,,338203.0,,465642.0,1376853.0,179325.0,,672494.0,886143.0,14561.0,14561.0,,,,,,,,,,,,,,,,,9928973.0,,,,,25671450.0,,5672720.0,,1178310.0,,,,,,,,,,,,,,,,,,,,,1016327.0,31879155.0,34680639.0,,,,,,,2801484.0,,,3421350.0,
2017-05-31,2017-08-29,10-K,TAYLOR DEVICES INC,TAYD,CIK0000096536,USD,,1329321.0,239200.0,2655528.0,2545773.0,,832060.0,846941.0,11101179.0,9070278.0,109755.0,,37160703.0,25677514.0,1295989.0,9342431.0,3324934.0,-2761146.0,,180579.0,,,8000000.0,3990554.0,99763.0,677420.0,17551163.0,17551163.0,6868393.0,5572404.0,803200.0,804000.0,800.0,-146500.0,,-147000.0,,-500.0,,1226800.0,213000.0,,429115.0,429115.0,429115.0,275000.0,77800.0,,320100.0,20900.0,37400.0,505800.0,51800.0,,797685.0,868609.0,868609.0,0.68,,0.66,0.22,,,,,,1588219.0,,7985833.0,2987577.0,,657000.0,,768827.0,0.0,93700.0,,1015800.0,,7400.0,,500.0,273000.0,,-437696.0,1346441.0,,-167632.0,-2245390.0,-1901787.0,,,163341.0,9630.0,35173.0,-1367622.0,73082.0,38842.0,0.0,808257.0,14197223.0,11588610.0,11488610.0,878779.0,11488610.0,709174.0,,100000.0,10071179.0,180000.0,195220.0,419429.0,37160703.0,4304311.0,,,6000000.0,0.0,,,,,,9466340.0,190893.0,-1896376.0,-1055663.0,2330577.0,66845.0,2920732.0,427478.0,180579.0,,2261892.0,832060.0,,28003.0,127796.0,5229.0,,,22326.0,1868821.0,74261.0,2000000.0,263574.0,163904.0,,190893.0,339585.0,,,21095895.0,9994716.0,84256.0,100000.0,1978108.0,903000.0,26515710.0,25536996.0,25536996.0,25536996.0,5065101.0,177693.0,0.0,0.27,0.0185,160000.0,108250.0,,49500.0,3.59,817629.0,253500.0,10.93,8.6,,15.95,253500.0,10.93,13.26,127796.0,,1022326.0,32856392.0,35685751.0,1498.0,39500.0,177693.0,,550872.0,,2829359.0,,3505194.0,,3432112.0
2017-08-31,2017-10-12,10-Q,TAYLOR DEVICES INC,TAYD,CIK0000096536,USD,,1558988.0,,,3291687.0,,,907000.0,,9345613.0,,,37890731.0,26108676.0,1264868.0,,1836830.0,-1488104.0,,,,,,,,,,4950068.0,8386396.0,,,,,,,,,,,,,,,429115.0,,,,,,,,,,,,,261584.0,,0.09,,,,,,,,,,1617652.0,413747.0,,112000.0,,,,,,,,,,,,,229667.0,-745914.0,,-31121.0,298419.0,,109892.0,-5896.0,60059.0,,,-1518003.0,,,,831589.0,,11351772.0,11251772.0,,11251772.0,702916.0,,100000.0,9817267.0,,,,37890731.0,4557020.0,,,,,,,,,,,,-624110.0,-983069.0,301747.0,,410084.0,317586.0,181821.0,,817198.0,826164.0,3663.0,3663.0,,,3321.0,,,620789.0,,,,,,119075.0,,,,,10353921.0,,,,,26817457.0,,6567720.0,,1207568.0,,,,,,,,,,,,,,,,,,,,,1024405.0,33333711.0,36163070.0,,,56497.0,,,,2829359.0,,,3443475.0,
2017-11-30,2018-01-12,10-Q,TAYLOR DEVICES INC,TAYD,CIK0000096536,USD,,1340926.0,,,3508985.0,,,1105414.0,,9351159.0,,,37550299.0,25871339.0,793072.0,,1713326.0,,,,,,,,,,3550083.0,3550083.0,7519111.0,,,,,,,,,,,,,,,,429115.0,,,,,,,,,,,,,,0.02,,,,,,,,,,1261691.0,42147.0,,-10000.0,,,,,,,,,,,,,,,,,,,,,,,,,,,,317939.0,,11890428.0,11790428.0,,11790428.0,890587.0,,100000.0,10681902.0,,,,37550299.0,4158895.0,,,,,,,,,,,,,,52147.0,,35084.0,308959.0,183312.0,,842153.0,919483.0,7063.0,,,,,,,,,,,,,,,,,,10224380.0,,,,,26869604.0,4811774.0,4811774.0,,1226607.0,,,,,,,,,,,,,,,,,,,,,1030530.0,33391404.0,36220763.0,,,,,,,2829359.0,,,3445429.0,
2018-02-28,2018-04-13,10-Q,TAYLOR DEVICES INC,TAYD,CIK0000096536,USD,,1459934.0,,,5342276.0,,,1105711.0,,9356578.0,,,38780499.0,27534052.0,1999427.0,,1300846.0,,,,,,,,,,5118242.0,5118242.0,8047216.0,,,,,,,,,,,,,,,,265115.0,,,,,,,,,,,,,,-0.01,,,,,,,,,,1455416.0,145583.0,,169000.0,,,,,,,,,,,,,,,,,,,,,,,,,,,,760785.0,,11550500.0,11450500.0,,11450500.0,710761.0,,100000.0,10078954.0,,,,38780499.0,5407093.0,,,,,,,,,,,,,,-23417.0,,136629.0,359885.0,184485.0,,819562.0,842021.0,8954.0,,,,,,,,,,,,,,,,,,9977285.0,,,,,26846187.0,6573658.0,6573658.0,,1318787.0,,,,,,,,,,,,,,,,,,,,,1033329.0,33373406.0,36202765.0,,,,,,,2829359.0,,,3449366.0,
2018-05-31,2018-08-29,10-K,TAYLOR DEVICES INC,TAYD,CIK0000096536,USD,,1460175.0,57042.0,6375619.0,6265864.0,,1412502.0,983260.0,12097103.0,9382202.0,109755.0,,39511290.0,28285169.0,2043002.0,9342431.0,2858323.0,-466611.0,,185730.0,,,8000000.0,4017139.0,100428.0,859771.0,18439760.0,,6356963.0,4313961.0,23000.0,23000.0,0.0,210000.0,,210000.0,,0.0,,662900.0,18800.0,,219115.0,219115.0,219115.0,369000.0,40900.0,,223100.0,14000.0,23000.0,315500.0,27600.0,,443785.0,995924.0,995924.0,0.13,0.13,0.13,0.344,,,,,,1652711.0,,5924207.0,676370.0,210000.0,233000.0,,61615.0,164000.0,3700.0,,193500.0,-3700.0,-9600.0,,-1200.0,110000.0,,130854.0,-3720091.0,,747013.0,103963.0,580442.0,,,136319.0,18931.0,-38615.0,511430.0,30876.0,26861.0,0.0,700698.0,12512350.0,11417775.0,11317775.0,885651.0,11317775.0,726852.0,,100000.0,9990225.0,60000.0,195220.0,455429.0,39511290.0,5898939.0,,,10000000.0,0.0,,,,,,10302681.0,187658.0,-958740.0,304471.0,443370.0,28737.0,647633.0,447162.0,185730.0,264696.0,2287897.0,1412502.0,,1876.0,264696.0,5151.0,,,16756.0,936833.0,74279.0,2000000.0,244643.0,202519.0,,187658.0,164983.0,,,22032728.0,9935625.0,84256.0,,5515848.0,263000.0,26959080.0,24363967.0,,,5276574.0,124931.0,0.0,0.3,0.0218,160000.0,64500.0,750.0,43750.0,2.86,304252.0,271750.0,11.33,6.67,19.26,11.15,,,10.26,,,1039082.0,33612351.0,36441710.0,1835.0,24750.0,124931.0,,550872.0,,2829359.0,,3488925.0,,3458049.0
2018-08-31,2018-10-11,10-Q,TAYLOR DEVICES INC,TAYD,CIK0000096536,USD,,1898110.0,,,4829299.0,,,926375.0,,9550026.0,,,41400734.0,30319658.0,1845770.0,,7120612.0,4262289.0,,,,,,,,,5007831.0,5007831.0,4261750.0,,,,,,,,,,,,,,,,219115.0,,,,,,,,,,,,287014.0,,0.21,,,,,,,,,,2306263.0,918832.0,,178000.0,,,,,,,,,,,,,437935.0,1436565.0,,-172127.0,-381751.0,,141334.0,97686.0,-56885.0,,,1768704.0,,,,752192.0,,12860275.0,12760275.0,,12760275.0,714437.0,,100000.0,11393646.0,,,,41400734.0,6975156.0,,,,,,,,,,,,-104414.0,4356615.0,740832.0,,931646.0,305828.0,186930.0,,926018.0,2304901.0,-12814.0,-12814.0,,,4012.0,,,100402.0,,,,,,10088.0,,,,,9749013.0,,,,,27704911.0,7314094.0,7314094.0,,1374617.0,,,,,,,,,,,,,,,,,,,,,1041894.0,34425578.0,37254937.0,,,57308.0,,,,-2829359.0,,,3466589.0,
2018-11-30,2019-01-04,10-Q,TAYLOR DEVICES INC,TAYD,CIK0000096536,USD,,2119545.0,,,4993920.0,,,969648.0,,9554272.0,,,40506534.0,29523278.0,793578.0,,4964376.0,,,,,,,,,,7329815.0,,5953406.0,,,,,,,,,,,,,,,,219115.0,,,,,,,,,,,,,,0.11,,,,,,,,,,2149344.0,456517.0,,81000.0,,,,,,,,,,,,,,,,,,,,,,,,,,,,665245.0,,12181725.0,12081725.0,,12081725.0,709862.0,,100000.0,10806618.0,,,,40506534.0,5701193.0,,,,,,,,,,,,,,375517.0,,429926.0,481880.0,188388.0,,870341.0,1818422.0,26591.0,26591.0,,,,,,,,,,,,,,,,,9705412.0,,,,,28080428.0,9479159.0,,,1719418.0,,,,,,,,,,,,,,,,,,,,,1047971.0,34805341.0,37634700.0,,,,,,,2829359.0,,,3466796.0,
2019-02-28,2019-03-29,10-Q,TAYLOR DEVICES INC,TAYD,CIK0000096536,USD,,1578680.0,,,4825064.0,,,1212890.0,,9558504.0,,,40248822.0,29562076.0,663501.0,,4291340.0,,,,,,,,,,5833620.0,,6621008.0,,,,,,,,,,,,,,,,219115.0,,,,,,,,,,,,,,0.13,,,,,,,,,,1978876.0,544786.0,,99000.0,,,,,,,,,,,,,,,,,,,,,,,,,,,,876137.0,,12192105.0,12092105.0,,12092105.0,690050.0,,100000.0,10625919.0,,,,40248822.0,4993463.0,,,,,,,,,,,,,,445786.0,,520815.0,680354.0,189528.0,,715907.0,1538392.0,23971.0,23971.0,,,,,,,,,,,,,,,,,9562196.0,,,,,28526214.0,7812496.0,,,1458061.0,,,,,,,,,,,,,,,,,,,,,1052205.0,35255359.0,38084718.0,,,,,,,2829359.0,,,3467250.0,
2019-05-31,2019-08-02,10-K,TAYLOR DEVICES INC,TAYD,CIK0000096536,USD,,1402692.0,292000.0,5389057.0,5279302.0,,1532271.0,1309358.0,13066458.0,9538892.0,109755.0,,41196896.0,30767713.0,633703.0,9342431.0,5071822.0,2213499.0,,190749.0,,0.025,8000000.0,4029431.0,100735.0,950684.0,24571255.0,,7572490.0,6938787.0,521000.0,521000.0,0.0,-6000.0,,30000.0,,0.0,,760500.0,99700.0,,189115.0,189115.0,189115.0,370000.0,50200.0,,208600.0,19800.0,23000.0,328900.0,30300.0,,571385.0,1072959.0,1072959.0,,0.73,,0.168,,,,,,1975392.0,,9047776.0,3059525.0,-6000.0,515000.0,,550498.0,0.0,,,642500.0,28700.0,9300.0,,500.0,166000.0,,-57483.0,986562.0,,-1384194.0,1158334.0,-674944.0,,,326098.0,-67517.0,-34498.0,-1542036.0,17043.0,69006.0,0.0,754818.0,16599307.0,11339331.0,11239331.0,731877.0,11239331.0,679018.0,,100000.0,9905495.0,175000.0,195220.0,455429.0,41196896.0,4878024.0,,,10000000.0,0.0,,,,,,10390610.0,50341.0,-494365.0,2657523.0,2544525.0,57733.0,3001792.0,549177.0,190749.0,268847.0,2197958.0,1532271.0,,-11273.0,268847.0,5019.0,,,16509.0,472837.0,71222.0,2000000.0,312160.0,237017.0,,50341.0,32830.0,,,22383900.0,9317442.0,24818.0,18061.0,4438373.0,319000.0,29508604.0,33619031.0,,,6045984.0,137655.0,0.0,0.31,0.0248,160000.0,21500.0,80000.0,43000.0,3.2,228132.0,224000.0,11.71,3.05,11.68,11.9,,,11.08,,,1055591.0,36318872.0,39148231.0,1542.0,10750.0,106656.0,,550872.0,,2829359.0,,3487638.0,,3470595.0
2019-08-31,2019-09-26,10-Q,TAYLOR DEVICES INC,TAYD,CIK0000096536,USD,,1406019.0,,,6846521.0,,,1003970.0,,9698441.0,,,41141054.0,30904145.0,235280.0,,6730639.0,1658817.0,,,,,,,,,4025762.0,,4499288.0,,,,,,,,,,,,,,,,189115.0,,,,,,,,,,,,280398.0,,0.1,,,,,,,,,,1682877.0,429577.0,,75000.0,,,,,,,,,,,,,3327.0,-1567219.0,,-398423.0,-36615.0,,43497.0,231251.0,-305388.0,,,3073202.0,,,,722345.0,,11361923.0,11261923.0,,11261923.0,660019.0,,100000.0,9979559.0,,,,41141054.0,4408791.0,,,,,,,,,,,,-78604.0,1734044.0,354577.0,,392346.0,505680.0,191931.0,,745900.0,1763522.0,,37231.0,,,5685.0,,,72919.0,,,,,,3377.0,,,,,9109963.0,,,,,29863181.0,5708639.0,,,1290531.0,,,,,,,,,,,,,,,,,,,,,1060094.0,36732263.0,39561622.0,,,55437.0,,,,2829359.0,,,3478636.0,
2019-11-30,2019-12-27,10-Q,TAYLOR DEVICES INC,TAYD,CIK0000096536,USD,,1931256.0,,,6347677.0,,,847171.0,,9701917.0,,,43905675.0,33695833.0,2321260.0,,12121342.0,,,,,,,,,,5060703.0,,3050415.0,,,,,,,,,,,,,,,,189115.0,,,,,,,,,,,,,,0.26,,,,,,,,,,2641722.0,1142006.0,,225000.0,,,,,,,,,,,,,,,,,,,,,,,,,,,,275681.0,,10903593.0,10803593.0,,10803593.0,1765641.0,,100000.0,8862271.0,,,,43905675.0,6252930.0,,,,,,,,,,,,,,917006.0,,1115395.0,312712.0,193362.0,,753298.0,1153243.0,,26611.0,,,,,,,,,,,,,,,,,9074067.0,,,,,30780187.0,7702425.0,,,1526327.0,,,,,,,,,,,,,,,,,,,,,1060094.0,37652745.0,40482104.0,,,,,,,2829359.0,,,3478716.0,
2020-02-29,2020-03-25,10-Q,TAYLOR DEVICES INC,TAYD,CIK0000096536,USD,,1608784.0,,,4997197.0,,,514916.0,,9705297.0,,,44028398.0,33291379.0,2004215.0,,14137972.0,,,,,,,,,,4861257.0,,2131317.0,,,,,,,,,,,,,,,,189115.0,,,,,,,,,,,,,,0.22,,,,,,,,,,2372938.0,971752.0,,189000.0,,,,,,,,,,,,,,,,,,,,,,,,,,,,730984.0,,10590473.0,10490473.0,,10490473.0,652677.0,,100000.0,9206812.0,,,,44028398.0,5589521.0,,,,,,,,,,,,,,782752.0,,934957.0,468655.0,194496.0,,884888.0,1461606.0,,36795.0,,,,,,,,,,,,,,,,,9468520.0,,,,,31562939.0,7234195.0,,,1437981.0,,,,,,,,,,,,,,,,,,,,,1065765.0,38438877.0,41268236.0,,,,,,,2829359.0,,,3478914.0,
2020-05-31,2020-08-07,10-K,TAYLOR DEVICES INC,TAYD,CIK0000096536,USD,5819471.0,1370175.0,523344.0,6030738.0,5819471.0,,1663914.0,305885.0,14177168.0,9759063.0,211267.0,,45075894.0,34423618.0,736866.0,9457142.0,15159827.0,10088005.0,10088005.0,195621.0,,0.025,8000000.0,4040805.0,100943.0,630823.0,19144451.0,,1754573.0,1017707.0,375000.0,375000.0,0.0,11000.0,170115.0,19000.0,,0.0,,829500.0,94000.0,170115.0,170115.0,170115.0,170115.0,369000.0,60500.0,3900.0,230200.0,,44400.0,357100.0,39400.0,,659385.0,1141110.0,1141110.0,,0.87,,0.113,,,,,,2209382.0,,9237090.0,3415976.0,11000.0,386000.0,,180131.0,-99739.0,,-99739.0,717400.0,40200.0,-361.0,40200.0,500.0,-272000.0,-540169.0,-32517.0,-540169.0,,103163.0,804721.0,131644.0,,,-1003473.0,-148052.0,186869.0,5817917.0,8663.0,111054.0,0.0,963009.0,6395550.0,10207437.0,10107437.0,879050.0,10107437.0,658024.0,,100000.0,8586404.0,180000.0,195220.0,455429.0,45075894.0,5538340.0,,,10000000.0,0.0,,,,,,11242667.0,1507108.0,-1252389.0,9833286.0,3029976.0,113296.0,3302680.0,510360.0,195621.0,420786.0,2479497.0,1663914.0,,2242.0,420786.0,4872.0,,,16359.0,1231158.0,158191.0,2000000.0,460212.0,50148.0,1461500.0,45608.0,31750.0,,,23584658.0,9407490.0,24818.0,,5399915.0,585000.0,32538580.0,28381541.0,,,5934410.0,143097.0,0.0,0.32,0.0198,160000.0,131250.0,12000.0,50250.0,2.85,209835.0,252250.0,11.52,6.35,14.34,10.3,,,10.99,,1461500.0,1071950.0,39537554.0,42398586.0,1374.0,10000.0,143097.0,,553934.0,,2861032.0,,3489791.0,,3481128.0
2020-08-31,2020-09-25,10-Q,TAYLOR DEVICES INC,TAYD,CIK0000096536,USD,,1127246.0,,,4708831.0,,,445638.0,,9939006.0,,,43767055.0,32946881.0,109622.0,,15419001.0,259174.0,,,,,,,,,4204889.0,,1676993.0,,,,,,,,,,,,,,,,170115.0,,,,,,,,,,,,289485.0,,0.05,,,,,,,,,,1554568.0,201011.0,,25000.0,,,,,,,,,,,,1110640.0,-242929.0,1110640.0,,-627244.0,345341.0,,-3342.0,-807885.0,139753.0,,,77580.0,,,,540503.0,,9650392.0,9550392.0,,9550392.0,637444.0,,100000.0,8472445.0,,,,43767055.0,4000035.0,,,,,,,,,,,,-251691.0,507127.0,176011.0,,191365.0,513702.0,196842.0,,1090754.0,856029.0,,9646.0,,,7233.0,,,244458.0,,,,,,3738.0,,,,,9362463.0,,,,,32714591.0,5759457.0,,,1363203.0,,,,,,,,,,,,,,,,,,,,1461500.0,1077962.0,39767020.0,42653597.0,,,49717.0,,,,2886577.0,,,3487085.0,
2020-11-30,2020-12-31,10-Q,TAYLOR DEVICES INC,TAYD,CIK0000096536,USD,,878775.0,,,4822216.0,,,326430.0,,9942649.0,,,42878821.0,31843395.0,381180.0,,14993541.0,,,,,,,,,,4141209.0,,1542701.0,,,,,,170115.0,,,,,,,,,,,,,,,,,,,,,,,,0.19,,,,,,,,,,576388.0,800290.0,,155000.0,,,,,,,,,,,,,,,,,,,,,,,,,,,,542726.0,,8967833.0,8867833.0,,8867833.0,580276.0,,100000.0,7844831.0,,,,42878821.0,2462868.0,,,,,,,,,,,,,,645290.0,,-669816.0,533070.0,198258.0,,1129350.0,876483.0,,1470106.0,,,,,,,,,,,,,,,,,9537703.0,,,,,33359881.0,4717597.0,,,1246204.0,,,,,,,,,,,,,,,,,,,,,1084034.0,40415953.0,43302530.0,,,,,,,2886577.0,,,3487241.0,
2021-02-28,2021-03-26,10-Q,TAYLOR DEVICES INC,TAYD,CIK0000096536,USD,5024657.0,1205800.0,,,,,,402120.0,,9946679.0,,,43863309.0,32692780.0,633216.0,,16084718.0,,,,,,,,,,4368784.0,,1011367.0,,,,,,,,,,,,,170115.0,,,,,,,,,,,,,,,,,0.05,,,,,,,,,,403587.0,-176682.0,,-359000.0,,,,,,,,,,,,,,,,,,,,,,,,,,,,482638.0,,8650215.0,8550215.0,,8550215.0,584191.0,,100000.0,7583386.0,,,,43863309.0,3261008.0,,,,,,,,,,,,,,182318.0,,-819688.0,931241.0,199380.0,,1242968.0,1019872.0,,643006.0,,,,,,,,,,,,,,,,,9558066.0,,,,,33542199.0,4772371.0,,,1223275.0,,,,,,,,,,,,,,,,,,,,,1090582.0,40602301.0,43488878.0,,,,,,,2886577.0,,,3487599.0,
2021-05-31,2021-08-27,10-K,TAYLOR DEVICES INC,TAYD,CIK0000096536,USD,4120564.0,1787325.0,366209.0,3385926.0,4120564.0,,1715409.0,269064.0,15367217.0,10111735.0,6781.0,,45931991.0,34111905.0,1361985.0,9584087.0,20581604.0,,5421777.0,200538.0,,0.025,8000000.0,4055275.0,101305.0,200956.0,19334950.0,,1499604.0,137619.0,-361000.0,-361000.0,,-20000.0,190115.0,-20000.0,,,,814800.0,22900.0,190115.0,190115.0,190115.0,,368000.0,81400.0,5900.0,238500.0,,1400.0,440800.0,23900.0,,624685.0,1212713.0,1212713.0,,0.3,,-0.559,,,,,,2536688.0,,3174691.0,681895.0,-20000.0,-381000.0,,43630.0,,,,143200.0,-306900.0,-40800.0,41500.0,,-218000.0,1564907.0,417150.0,,,625119.0,2038052.0,51495.0,,,-36821.0,-62535.0,-404630.0,254969.0,1674.0,53654.0,0.0,355875.0,3372276.0,5935596.0,5835596.0,1612839.0,5835596.0,503344.0,,100000.0,5076377.0,1500000.0,195220.0,476429.0,45931991.0,5133783.0,,,10000000.0,0.0,,,,,,12366569.0,43416.0,-1651796.0,7030157.0,1062895.0,3033978.0,-2352083.0,977525.0,200538.0,,1612839.0,1715409.0,,8693.0,146878.0,4917.0,,,25062.0,1621817.0,288470.0,2000000.0,522747.0,454778.0,,43416.0,28425.0,,,25183811.0,9816594.0,24818.0,134000.0,3184970.0,924000.0,33601475.0,22509641.0,,,5526774.0,154343.0,0.0,0.33,0.0231,160000.0,84000.0,18750.0,47250.0,3.27,271426.0,267750.0,11.6,6.34,11.6,11.26,,,11.85,,,1097012.0,40798208.0,43713210.0,1470.0,13000.0,154343.0,,558834.0,,2915002.0,,3491887.0,,3490213.0
2021-08-31,2021-09-30,10-Q,TAYLOR DEVICES INC,TAYD,CIK0000096536,USD,2756295.0,1945783.0,,,,,,460169.0,,10115568.0,,,45622807.0,33673390.0,967425.0,,20146836.0,-434768.0,,,,,,,,,5717498.0,,3287460.0,,,,,,190115.0,,,,,,,,,,,,,,,,,,,,,,313785.0,,0.05,,,,,,,,,,1590239.0,181877.0,,0.0,,,,,,,,,,,,1364269.0,158458.0,,,-394560.0,387855.0,,64164.0,-449897.0,191105.0,,,-1787856.0,,,,201147.0,,5567733.0,5467733.0,,5467733.0,595406.0,,100000.0,4771180.0,,,,45622807.0,4638889.0,,,,,,,,,,,,-467801.0,29200.0,181877.0,,118140.0,913361.0,201693.0,,1592847.0,1265512.0,,63737.0,,,5848.0,,,461953.0,,,,,,3833.0,,,,,9964762.0,,,,,33783352.0,7307737.0,,,1472099.0,,,,,,,,,,,,,,,,,,,,,1101705.0,40983918.0,43898920.0,,,,,,,2915002.0,,,3496522.0,
2021-11-30,2021-12-29,10-Q,TAYLOR DEVICES INC,TAYD,CIK0000096536,USD,4309880.0,1502717.0,,,,,,526739.0,,10245598.0,,,46059543.0,34373974.0,716487.0,,18648084.0,,,,,,,,,,5368740.0,,3884776.0,,,,,,,,,,,,,190115.0,,,,,,,,,,,,,,,,,0.19,,,,,,,,,,2389246.0,787804.0,,128000.0,,,,,,,,,,,,,,,,,,,,,,,,,,,,368773.0,,5906902.0,5806902.0,,5806902.0,495791.0,,100000.0,5042338.0,,,,46059543.0,4285791.0,,,,,,,,,,,,,,659804.0,,780386.0,622627.0,203094.0,,1552970.0,1539848.0,,7418.0,,,,,,,,,,,,,,,,,9739390.0,,,,,34443156.0,7757986.0,,,1608860.0,,,,,,,,,,,,,,,,,,,,,1101705.0,41773752.0,44688754.0,,,,,,,2915002.0,,,3496610.0,
