end,filed,form,Name,Ticker,CIK,Currency,AccountsAndOtherReceivablesNetCurrent,AccountsPayableAndAccruedLiabilitiesCurrent,AccountsPayableAndOtherAccruedLiabilitiesCurrent,AccountsPayableTradeCurrent,AccountsReceivableGross,AccountsReceivableNet,AccumulatedDepreciationDepletionAndAmortizationPropertyPlantAndEquipment,AdditionalPaidInCapital,AdvancesOnInventoryPurchases,AllocatedShareBasedCompensationExpense,AllowanceForDoubtfulAccountsReceivable,AmortizationOfIntangibleAssets,AssetImpairmentCharges,Assets,AssetsCurrent,AssetsNoncurrent,CapitalLeasesFutureMinimumPaymentsDue,CapitalLeasesFutureMinimumPaymentsDueCurrent,CapitalLeasesFutureMinimumPaymentsDueInFiveYears,CapitalLeasesFutureMinimumPaymentsDueInFourYears,CapitalLeasesFutureMinimumPaymentsDueInThreeYears,CapitalLeasesFutureMinimumPaymentsDueInTwoYears,CapitalLeasesFutureMinimumPaymentsDueThereafter,Cash,CashAndCashEquivalentsAtCarryingValue,CashAndCashEquivalentsPeriodIncreaseDecrease,CashFDICInsuredAmount,CashUninsuredAmount,CommonStockParOrStatedValuePerShare,CommonStockSharesAuthorized,CommonStockSharesIssued,CommonStockSharesOutstanding,CommonStockValue,CostOfGoodsAndServicesSold,CustomerDepositsCurrent,DeferredTaxAssetsOperatingLossCarryforwards,DeferredTaxAssetsValuationAllowance,DepositsAssetsNoncurrent,Depreciation,DueToRelatedPartiesCurrent,EarningsPerShareBasicAndDiluted,EffectiveIncomeTaxRateReconciliationAtFederalStatutoryIncomeTaxRate,EffectiveIncomeTaxRateReconciliationForeignIncomeTaxRateDifferential,EffectiveIncomeTaxRateReconciliationStateAndLocalIncomeTaxes,FinanceLeaseLiability,FinanceLeaseLiabilityCurrent,FinanceLeaseLiabilityNoncurrent,FinanceLeaseRightOfUseAssetAccumulatedAmortization,FinanceLeaseRightOfUseAssetAmortization,FinanceLeaseRightOfUseAssetBeforeAccumulatedAmortization,FiniteLivedIntangibleAssetsNet,FurnitureAndFixturesGross,GainsLossesOnExtinguishmentOfDebt,GeneralAndAdministrativeExpense,GrossProfit,IncomeLossFromContinuingOperationsBeforeIncomeTaxesExtraordinaryItemsNoncontrollingInterest,IncomeTaxReconciliationChangeInDeferredTaxAssetsValuationAllowance,IncomeTaxReconciliationForeignIncomeTaxRateDifferential,IncomeTaxReconciliationIncomeTaxExpenseBenefitAtFederalStatutoryIncomeTaxRate,IncomeTaxReconciliationNondeductibleExpenseImpairmentLosses,IncomeTaxReconciliationNondeductibleExpenseShareBasedCompensationCost,IncomeTaxReconciliationOtherAdjustments,IncomeTaxReconciliationPriorYearIncomeTaxes,IncomeTaxReconciliationStateAndLocalIncomeTaxes,IncomeTaxReconciliationTaxExemptIncome,IncreaseDecreaseInAccountsPayableAndAccruedLiabilities,IncreaseDecreaseInAccountsReceivable,IncreaseDecreaseInCustomerDeposits,IncreaseDecreaseInDepositOtherAssets,IncreaseDecreaseInDeposits,IncreaseDecreaseInInventories,IncreaseDecreaseInOtherOperatingLiabilities,IncreaseDecreaseInPrepaidDeferredExpenseAndOtherAssets,IncreaseDecreaseInPrepaidSupplies,InterestExpense,InterestIncomeOther,InterestPaidNet,InventoryFinishedGoods,InventoryNet,InventoryNoncurrent,InventoryRawMaterials,InventoryRealEstateMortgageLoansHeldInInventory,InventoryValuationReserves,InventoryWriteDown,LeaseAndRentalExpense,Liabilities,LiabilitiesAndStockholdersEquity,LiabilitiesCurrent,LiabilitiesNoncurrent,LoansPayableCurrent,LongTermLoansPayable,NetCashProvidedByUsedInFinancingActivities,NetCashProvidedByUsedInInvestingActivities,NetCashProvidedByUsedInOperatingActivities,NetIncomeLoss,NonoperatingIncomeExpense,OperatingExpenses,OperatingIncomeLoss,OperatingLeaseRightOfUseAsset,OperatingLeasesFutureMinimumPaymentsDue,OperatingLeasesFutureMinimumPaymentsDueCurrent,OperatingLeasesFutureMinimumPaymentsDueInThreeYears,OperatingLeasesFutureMinimumPaymentsDueInTwoAndThreeYears,OperatingLeasesFutureMinimumPaymentsDueInTwoYears,OperatingLeasesRentExpenseMinimumRentals,OperatingLossCarryforwards,OperatingLossCarryforwardsValuationAllowance,OtherAssetsNoncurrent,OtherIncome,OtherInventoryInTransit,OtherInventoryMaterialsSuppliesAndMerchandiseUnderConsignment,OtherOperatingIncomeExpenseNet,PaymentsToAcquireIntangibleAssets,PaymentsToAcquireProductiveAssets,PaymentsToAcquirePropertyPlantAndEquipment,PreferredStockParOrStatedValuePerShare,PreferredStockSharesAuthorized,PreferredStockSharesIssued,PreferredStockSharesOutstanding,PrepaidExpenseAndOtherAssetsCurrent,ProceedsFromContributedCapital,ProceedsFromIssuanceOfCommonStock,ProceedsFromIssuanceOrSaleOfEquity,ProceedsFromNotesPayable,ProceedsFromOtherDebt,ProceedsFromRelatedPartyDebt,ProfessionalFees,PropertyPlantAndEquipmentGross,PropertyPlantAndEquipmentNet,PropertyPlantAndEquipmentOther,ProvisionForDoubtfulAccounts,RepaymentsOfRelatedPartyDebt,RetainedEarningsAccumulatedDeficit,Revenues,RightOfUseAssetObtainedInExchangeForOperatingLeaseLiability,SaleOfStockPricePerShare,SalesRevenueNet,SellingAndMarketingExpense,ShareBasedCompensation,SharePrice,SharesIssued,ShippingHandlingAndTransportationCosts,StockholdersEquity,StockholdersEquityIncludingPortionAttributableToNoncontrollingInterest,StockIssuedDuringPeriodSharesNewIssues,StockIssuedDuringPeriodValueIssuedForServices,StockIssuedDuringPeriodValueNewIssues,Supplies,WeightedAverageNumberDilutedSharesOutstandingAdjustment,WeightedAverageNumberOfShareOutstandingBasicAndDiluted
2017-11-30,2018-01-12,10-Q,Reviv3 Procare Company,RVIV,CIK0001718500,USD,16882.0,103214.0,,,18897.0,16882.0,3080.0,4997462.0,21784.0,6816.0,2015.0,,,776295.0,754927.0,21368.0,,,,,,,,97000.0,347880.0,,250000.0,,0.0001,100000000.0,40505047.0,40505047.0,4050.0,67618.0,45014.0,,,14849.0,608.0,210.0,0.0,,,,,,,,,,,5759.0,,47956.0,68291.0,-101298.0,,,,,,,,,,,,,,,,,,,1042.0,27.0,,114774.0,364265.0,,249491.0,102414.0,,,,148438.0,776295.0,148438.0,,,,,,,-101298.0,-1015.0,168574.0,-100283.0,,163905.0,41976.0,,121929.0,,,,,,,,11496.0,,,,,0.0001,20000000.0,0.0,0.0,4116.0,,,,,,,88545.0,,6519.0,3840.0,,,-4373655.0,135909.0,,,135909.0,25257.0,,,,,627857.0,445755.0,,,283400.0,21784.0,,40262456.0
2018-02-28,2018-04-13,10-Q,Reviv3 Procare Company,RVIV,CIK0001718500,USD,39348.0,69014.0,,,42916.0,39348.0,3992.0,4997462.0,129089.0,8235.0,3568.0,,,719781.0,695670.0,,,,,,,,,14000.0,256835.0,,250000.0,,0.0001,100000000.0,40505047.0,40505047.0,4050.0,135236.0,135610.0,,,14849.0,913.0,210.0,0.0,,,,,,,,,,,5759.0,,60274.0,84018.0,-112910.0,,,,,,,,,,,,,,,,,,,965.0,33.0,,108072.0,267398.0,,159326.0,51845.0,,,,204834.0,719781.0,204834.0,,,,,,,-112910.0,-932.0,195996.0,-111978.0,,142917.0,20988.0,,121929.0,,,,,24111.0,,,11496.0,,,,,0.0001,20000000.0,0.0,0.0,3000.0,,,,,,,90720.0,,9262.0,7495.0,,,-4486565.0,219254.0,,,219254.0,36767.0,,,,,514947.0,514947.0,,,,129089.0,,40505047.0
2018-05-31,2018-08-10,10-K,Reviv3 Procare Company,RVIV,CIK0001718500,USD,29991.0,79759.0,386.0,41320.0,32733.0,29991.0,4905.0,4997461.0,3413.0,30515.0,2742.0,,,609514.0,586316.0,,,,,,,,,0.0,227870.0,-189003.0,250000.0,,0.0001,100000000.0,40505047.0,40505047.0,4051.0,576246.0,16200.0,289600.0,289600.0,14849.0,3029.0,210.0,-0.01,0.34,0.21,0.09,,,,,,,,5759.0,,221159.0,356972.0,-342539.0,8000.0,125500.0,-116500.0,,13800.0,,,-30800.0,,16790.0,-750.0,-4046.0,,,197305.0,,-2496.0,-12722.0,3812.0,118.0,,113134.0,321537.0,,208403.0,64485.0,,5562.0,78503.0,96169.0,609514.0,96169.0,,,,283610.0,-4123.0,-468490.0,-342539.0,-3694.0,695817.0,-338845.0,,36266.0,36266.0,,14635.0,,6782.0,289600.0,289600.0,23198.0,,,6782.0,,,,4123.0,0.0001,20000000.0,0.0,0.0,3505.0,,283400.0,,,,210.0,352945.0,,8349.0,7495.0,1962.0,,-4488167.0,933218.0,,,933218.0,91198.0,32089.0,,,37423.0,513345.0,513345.0,,20000.0,283400.0,3413.0,,40257592.0
2018-08-31,2018-10-12,10-Q,Reviv3 Procare Company,RVIV,CIK0001718500,USD,27495.0,100255.0,156.0,60490.0,30237.0,27495.0,5817.0,4997461.0,26483.0,7669.0,2742.0,,,582902.0,560616.0,,,,,,,,,167000.0,141236.0,-86634.0,,,0.0001,100000000.0,40505047.0,40505047.0,4051.0,63776.0,62396.0,,,14849.0,913.0,210.0,0.0,,,,,,,,,,,5759.0,,104099.0,77404.0,-93304.0,,,,,,,,,,20495.0,-2496.0,46196.0,,,36064.0,,27366.0,23070.0,272.0,21.0,,81587.0,357601.0,,276014.0,35850.0,,969.0,25066.0,162861.0,582902.0,162861.0,,,,,,-86634.0,-93304.0,-251.0,170457.0,-93053.0,,,,,,,6782.0,,,22286.0,,,,,,,,0.0001,20000000.0,0.0,0.0,7801.0,,283400.0,,,,,49486.0,,7437.0,7495.0,,,-4581471.0,141180.0,,,,9203.0,,,,,420041.0,420041.0,280.0,20000.0,,26483.0,,40505047.0
2018-11-30,2019-01-14,10-Q,Reviv3 Procare Company,RVIV,CIK0001718500,USD,35548.0,63468.0,543.0,20256.0,38587.0,35548.0,6948.0,5306384.0,15752.0,7417.0,3039.0,,,786695.0,762923.0,,,,,,,,,167000.0,382053.0,,,,0.0001,100000000.0,41277547.0,41277547.0,4128.0,159616.0,52015.0,,,14849.0,1130.0,210.0,0.0,,,,,,,,,,,5759.0,,28227.0,80543.0,-58039.0,,,,,,,,,,,,,,,,,,,,25.0,,55327.0,320681.0,,265354.0,35850.0,,,23880.0,115693.0,786695.0,115693.0,,,,,,,-58039.0,25.0,138607.0,-58064.0,,,,,,,,,,23772.0,,,,,,,,0.0001,20000000.0,0.0,0.0,8889.0,,,,,,,70694.0,,8923.0,10112.0,297.0,,-4639510.0,240159.0,,,,32269.0,,,,,671002.0,671002.0,,5000.0,304000.0,15752.0,,40649936.0
2019-02-28,2019-04-10,10-Q,Reviv3 Procare Company,RVIV,CIK0001718500,USD,38521.0,171267.0,3004.0,127977.0,44049.0,38521.0,8530.0,5306384.0,,7344.0,5528.0,,,916736.0,866776.0,,,,,,,,,129200.0,400494.0,,,,0.0001,100000000.0,41277547.0,41277547.0,4128.0,158846.0,58647.0,,,14849.0,1582.0,3210.0,0.0,,,,,,,,,,,,,58212.0,122216.0,-3568.0,,,,,,,,,,,,,,,,,,,106.0,49.0,,229746.0,427761.0,,198015.0,117104.0,,,23666.0,249302.0,916736.0,236424.0,,,,,,,-3568.0,-57.0,125727.0,-3511.0,,,,,,,,,,49960.0,,,,,,,,0.0001,20000000.0,0.0,0.0,,,,,,,,37732.0,,35111.0,,297.0,,-4643078.0,281062.0,,,,22439.0,,,,,667434.0,667434.0,,,,,,41277547.0
2019-05-31,2019-07-17,10-K,Reviv3 Procare Company,RVIV,CIK0001718500,USD,79588.0,32471.0,3454.0,14610.0,82365.0,79588.0,10838.0,5311383.0,,29694.0,2777.0,,,741464.0,693338.0,,,,,,,,,102454.0,346179.0,118309.0,,,0.0001,100000000.0,41285881.0,41285881.0,4129.0,553017.0,16203.0,333000.0,333000.0,14849.0,5933.0,210.0,0.0,0.21,,0.09,,,,,,,474.0,,,267125.0,439653.0,-149975.0,43500.0,,-31500.0,,1500.0,,,-13500.0,,-47286.0,55048.0,,,,-58510.0,,-512.0,-3413.0,471.0,136.0,471.0,69256.0,264578.0,,195322.0,13176.0,,-1551.0,94869.0,64094.0,741464.0,52184.0,11910.0,,,307710.0,-14361.0,-175040.0,-149975.0,-335.0,589293.0,-149640.0,,,,,,,6782.0,1100000.0,,48126.0,,3450.0,,,474.0,474.0,13887.0,0.0001,20000000.0,0.0,0.0,2993.0,,309000.0,,,,,198344.0,,32803.0,,5452.0,,-4638142.0,992670.0,,,,94130.0,5000.0,,,,677370.0,677370.0,,5000.0,309000.0,,,40926376.0
2019-08-31,2019-10-02,10-Q,Reviv3 Procare Company,RVIV,CIK0001718500,USD,37604.0,87039.0,6142.0,67765.0,38039.0,37604.0,13608.0,5311383.0,,10294.0,435.0,,474.0,749279.0,695167.0,,,,,,,,,87273.0,337515.0,-8664.0,250000.0,,0.0001,100000000.0,41285881.0,41285881.0,4129.0,45153.0,63363.0,,,14849.0,2770.0,7859.0,0.0,,,,,,,,,,,,,97965.0,80529.0,-100609.0,,,,,,,,,,101727.0,-44326.0,,,,44929.0,,7547.0,,117.0,40.0,117.0,74180.0,309508.0,,235328.0,556.0,,769.0,23666.0,172518.0,749279.0,161561.0,,,,6696.0,-9230.0,-6130.0,-100609.0,2265.0,183403.0,-102874.0,,14635.0,14635.0,,,,3300.0,,,54112.0,2342.0,,,2342.0,,,9230.0,0.0001,20000000.0,0.0,0.0,10540.0,,,,,,7649.0,28399.0,,39263.0,,-2342.0,,-4738751.0,125682.0,,,,46745.0,,,,,576761.0,576761.0,,,,,,41285881.0
2019-11-30,2020-01-07,10-Q,Reviv3 Procare Company,RVIV,CIK0001718500,USD,,167107.0,2109.0,152212.0,53260.0,52825.0,16377.0,5311383.0,,20899.0,435.0,,,752097.0,699326.0,,,,,,,,,98330.0,344532.0,,250000.0,,0.0001,100000000.0,41285881.0,41285881.0,4129.0,169714.0,17511.0,,,16277.0,2770.0,7787.0,0.0,,,,,,,,,,,,,113025.0,158838.0,-30374.0,,,,,,,,,,,,,,,,,,,519.0,30.0,,49680.0,301969.0,,252289.0,556.0,,,22470.0,205710.0,752097.0,195705.0,,,,,,,-30374.0,-489.0,188723.0,-29885.0,,282705.0,90808.0,97662.0,,94235.0,,,,52771.0,,2670.0,,,,,,0.0001,20000000.0,0.0,0.0,,,,,,,,9073.0,,36494.0,,,,-4769125.0,328552.0,,,,45726.0,,,,,546387.0,546387.0,,,,,,41285881.0
2020-02-29,2020-04-07,10-Q,Reviv3 Procare Company,RVIV,CIK0001718500,USD,,63714.0,2636.0,48173.0,60362.0,59927.0,18836.0,5311383.0,,7624.0,435.0,,,817802.0,548384.0,,,,,,,,,0.0,142690.0,,250000.0,,0.0001,100000000.0,41285881.0,41285881.0,4129.0,45736.0,16203.0,,,16278.0,2459.0,210.0,0.0,,,,219962.0,68941.0,151021.0,,,,,,,64703.0,112144.0,-41599.0,,,,,,,,,,,,,,,,,,,513.0,25.0,,40671.0,344477.0,,303806.0,580.0,,,0.0,313014.0,817802.0,152368.0,,,,,,,-41599.0,-488.0,153255.0,-41111.0,219105.0,260002.0,91665.0,73246.0,,95091.0,,,,269418.0,,0.0,,,,,,0.0001,20000000.0,0.0,0.0,1290.0,,,,,,,43431.0,,34035.0,,,,-4810724.0,157880.0,,,,37497.0,,,,,504788.0,504788.0,,,,,,41285881.0
2020-05-31,2020-08-21,10-K,Reviv3 Procare Company,RVIV,CIK0001718500,USD,,128851.0,1552.0,98608.0,184019.0,182201.0,-21294.0,5311383.0,,46200.0,-1818.0,,474.0,1142902.0,893064.0,,162900.0,5002.0,7378.0,7659.0,10101.0,14705.0,118055.0,176210.0,409031.0,62852.0,250000.0,176210.0,0.0001,100000000.0,41285881.0,41285881.0,4129.0,480778.0,128354.0,309977.0,309977.0,16277.0,10456.0,2396.0,0.0,,,,203697.0,71896.0,131802.0,,,,,,,270279.0,531933.0,-172767.0,-23023.0,,-36281.0,,,74853.0,74853.0,-15549.0,,96571.0,101654.0,112151.0,,-1428.0,23546.0,,10715.0,,1752.0,104.0,1327.0,29839.0,288124.0,,258285.0,556.0,,,,638299.0,1142902.0,339799.0,298500.0,5002.0,157898.0,161786.0,-9230.0,-89704.0,-172767.0,-1648.0,703052.0,-171119.0,201984.0,237300.0,92521.0,48831.0,,95948.0,7567.0,1033258.0,,249838.0,,0.0,,,,,9230.0,0.0001,20000000.0,0.0,0.0,13708.0,,,,,162900.0,2186.0,198752.0,,31577.0,,-959.0,,-4810909.0,1012711.0,235748.0,,,187821.0,,,,,504603.0,504603.0,,,,,,41285881.0
2020-08-31,2020-10-07,10-Q,Reviv3 Procare Company,RVIV,CIK0001718500,USD,,333396.0,1402.0,299263.0,71188.0,68796.0,23858.0,5327363.0,,7968.0,2392.0,,,1250824.0,1008180.0,,162900.0,7382.0,3401.0,3155.0,3155.0,9546.0,136140.0,161797.0,422943.0,13912.0,250000.0,,0.0001,100000000.0,41285881.0,41285881.0,4149.0,136259.0,93019.0,,,16277.0,2564.0,11961.0,0.0,,,,186939.0,74939.0,112000.0,,,,,,,63181.0,132195.0,-69269.0,,,,,,,,,,204543.0,-112831.0,-35335.0,,,217626.0,,-3017.0,,1236.0,7.0,125.0,28215.0,505750.0,,477535.0,556.0,,,,799490.0,1250824.0,523997.0,275493.0,7382.0,155518.0,8740.0,-12984.0,18156.0,-69269.0,-1229.0,200235.0,-68040.0,184370.0,214598.0,93378.0,24415.0,,96805.0,7567.0,,,242644.0,,,,,,,12984.0,0.0001,20000000.0,0.0,0.0,10691.0,,,,,,9565.0,58110.0,,41997.0,,574.0,,-4880178.0,268454.0,,,,70976.0,16000.0,,,,451334.0,451334.0,,16000.0,,,,41377185.0
2020-11-30,2021-01-12,10-Q,Reviv3 Procare Company,RVIV,CIK0001718500,USD,,325877.0,4553.0,275797.0,81373.0,78981.0,26570.0,5327363.0,,9835.0,2392.0,,,1219565.0,995331.0,,162900.0,10294.0,3433.0,3307.0,3185.0,7412.0,135269.0,317895.0,579498.0,,250000.0,,0.0001,100000000.0,41485881.0,41485881.0,4149.0,247828.0,17364.0,,,16277.0,2712.0,28862.0,0.0,,,,169675.0,77020.0,92655.0,,,,,,,71643.0,396233.0,53103.0,,,,,,,,,,,,,,,,,,,1467.0,12.0,,28148.0,323304.0,,295156.0,556.0,,,,715128.0,1219565.0,462717.0,252411.0,10294.0,152606.0,,,,53103.0,-1455.0,341675.0,54558.0,166248.0,191896.0,94235.0,,,97661.0,,,,224234.0,,3450.0,,,,,,0.0001,20000000.0,0.0,0.0,13548.0,,,,,,,31369.0,,41709.0,,0.0,,-4827075.0,644061.0,,,,228828.0,,,,,504437.0,504437.0,,,,,,41485881.0
2021-02-28,2021-04-14,10-Q,Reviv3 Procare Company,RVIV,CIK0001718500,USD,,348632.0,7729.0,311053.0,94336.0,91944.0,28916.0,5327363.0,,9065.0,2392.0,,,1166987.0,963753.0,,169200.0,13878.0,4897.0,4755.0,4618.0,6661.0,134391.0,317895.0,492066.0,,250000.0,,0.0001,100000000.0,41485881.0,41485881.0,4149.0,93491.0,17330.0,,,16277.0,,22802.0,0.0,,,,151021.0,81307.0,69714.0,,,,,,16313.0,74059.0,271475.0,-56060.0,,,,,,,,,,,,,,,,,,,1757.0,12.0,,23723.0,301523.0,,277800.0,556.0,,,,718610.0,1166987.0,486161.0,232449.0,13878.0,155322.0,,,,-56060.0,14568.0,342103.0,-70628.0,147594.0,168338.0,95092.0,,,73246.0,,,,203234.0,,17778.0,,,,,,0.0001,20000000.0,0.0,0.0,78220.0,,,,,,,57732.0,,39363.0,,,,-4883135.0,364966.0,,,,201247.0,,,,,448377.0,448377.0,,,,,,41485881.0
2021-05-31,2021-08-30,10-K,Reviv3 Procare Company,RVIV,CIK0001718500,USD,,458962.0,11709.0,436138.0,93756.0,90877.0,31263.0,5450117.0,,36817.0,2879.0,,,1262764.0,1041222.0,,156300.0,4261.0,4573.0,4790.0,4652.0,4519.0,133505.0,,496937.0,87906.0,250000.0,224395.0,0.0001,100000000.0,41945881.0,41945881.0,4195.0,599701.0,106949.0,351188.0,351188.0,16277.0,9969.0,54304.0,-0.01,,,,131801.0,84635.0,47166.0,-103947.0,,235748.0,,,29333.0,281917.0,1033908.0,-297755.0,41211.0,,-65529.0,7114.0,41640.0,,2096.0,-25626.0,3906.0,346545.0,-90263.0,-21406.0,,,226442.0,,-11278.0,,6078.0,44.0,500.0,15056.0,490852.0,39874.0,475796.0,,19156.0,23714.0,,917116.0,1262764.0,712411.0,204705.0,4261.0,152039.0,54907.0,-15408.0,48407.0,-297755.0,23299.0,1354962.0,-321054.0,128375.0,144778.0,95947.0,,,48831.0,7567.0,1174532.0,,221542.0,,0.0,,,,,15408.0,0.0001,20000000.0,0.0,0.0,2430.0,,,,,6300.0,51907.0,306172.0,45128.0,37016.0,,1061.0,,-5108664.0,1633609.0,,,,730056.0,138800.0,,,,345648.0,,,25200.0,66400.0,,,41566484.0
2021-08-31,2021-10-13,10-Q,Reviv3 Procare Company,RVIV,CIK0001718500,USD,,380506.0,8924.0,366106.0,101542.0,96347.0,33609.0,5450117.0,,10831.0,5195.0,,,1075782.0,876387.0,,166300.0,15379.0,4248.0,4825.0,4686.0,4552.0,132610.0,,522700.0,25763.0,250000.0,253694.0,0.0001,100000000.0,41945881.0,41945881.0,4195.0,363896.0,16818.0,,,16277.0,2346.0,62574.0,0.0,,,,112000.0,88065.0,23935.0,123748.0,,235748.0,,,,63529.0,475376.0,-16039.0,,,,,,,,,,-78458.0,7786.0,-90130.0,,,-193638.0,,-2430.0,,1576.0,11.0,500.0,272852.0,297214.0,39874.0,24362.0,,19156.0,,,746173.0,1075782.0,566642.0,179531.0,15379.0,150921.0,17446.0,,8317.0,-16039.0,-1565.0,489850.0,-14474.0,108574.0,121220.0,96805.0,,,24415.0,7567.0,,,199395.0,,,,,,,,0.0001,20000000.0,0.0,0.0,0.0,,,,,10000.0,8271.0,63868.0,45128.0,34670.0,,2316.0,,-5124703.0,839272.0,,,,351622.0,,,,,329609.0,,,,,,,41945881.0
2021-11-30,2022-01-13,10-Q,Reviv3 Procare Company,RVIV,CIK0001718500,USD,,398216.0,12895.0,376725.0,91049.0,85854.0,35738.0,5450117.0,,777.0,5195.0,,,1060400.0,884280.0,,156300.0,6504.0,3923.0,4861.0,4720.0,4585.0,131707.0,,480850.0,,250000.0,213766.0,0.0001,100000000.0,41945881.0,41945881.0,4195.0,112800.0,16398.0,,,16277.0,2128.0,32927.0,0.0,,,,91599.0,91599.0,,144149.0,,235748.0,,,35000.0,60739.0,381016.0,28201.0,,,,,,,,,,,,,,,,,,,1569.0,7.0,,20535.0,341621.0,39130.0,321086.0,,19156.0,,,702590.0,1060400.0,698740.0,3850.0,156300.0,,,,,28201.0,33438.0,386253.0,-5237.0,88172.0,97662.0,97662.0,,,,,,,176120.0,,3450.0,,,,,,0.0001,20000000.0,0.0,0.0,15085.0,,,,,,,55686.0,45128.0,32541.0,,0.0,,-5096502.0,493816.0,,,,269051.0,,,,,357810.0,,,,,,,41945881.0
