end,filed,form,Name,Ticker,CIK,Currency,AccountsReceivableRelatedParties,AccruedInvestmentIncomeReceivable,AccruedProfessionalFeesCurrentAndNoncurrent,AssetManagementCosts,Assets,Cash,CashAndCashEquivalentsAtCarryingValue,CashAndCashEquivalentsFairValueDisclosure,CashAndCashEquivalentsPeriodIncreaseDecrease,CashCashEquivalentsRestrictedCashAndRestrictedCashEquivalents,CashCashEquivalentsRestrictedCashAndRestrictedCashEquivalentsPeriodIncreaseDecreaseExcludingExchangeRateEffect,CommissionsPayableToBrokerDealersAndClearingOrganizations,CommitmentsAndContingencies,CommodityContractAssetCurrent,DebtInstrumentCollateralAmount,DebtInstrumentInterestRateStatedPercentage,DerivativeGainLossOnDerivativeNet,DerivativeInstrumentsGainLossRecognizedInIncomeNet,DividendIncomeOperating,DividendsReceivable,DueFromOfficersOrStockholders,DueToCorrespondentBrokers,DueToOfficersOrStockholdersCurrentAndNoncurrent,FloorBrokerageExchangeAndClearanceFees,GainLossOnInvestments,GainLossOnSaleOfInvestments,GeneralPartnersCapitalAccount,IncreaseDecreaseDueFromOfficersAndStockholders,IncreaseDecreaseInAccountsAndOtherReceivables,IncreaseDecreaseInAccountsReceivableRelatedParties,IncreaseDecreaseInAccruedInterestReceivableNet,IncreaseDecreaseInAccruedLiabilities,IncreaseDecreaseInDividendsReceivable,IncreaseDecreaseInDueToOfficersAndStockholders,IncreaseDecreaseInFinancialInstrumentsUsedInOperatingActivities,IncreaseDecreaseInInterestPayableNet,IncreaseDecreaseInOtherOperatingAssets,IncreaseDecreaseInOtherOperatingLiabilities,IncreaseDecreaseInPayablesToBrokerDealers,IncreaseDecreaseInPrepaidInsurance,IncreaseDecreaseInTradingLiabilities,InterestIncomeOperating,InterestReceivable,InvestmentCompanyRegistrationExpense,InvestmentOwnedBalanceContracts,InvestmentOwnedUnderlyingFaceAmountAtMarketValue,Liabilities,LiabilitiesAndStockholdersEquity,LimitedPartnersCapitalAccount,LimitedPartnersCapitalAccountUnitsAuthorized,LimitedPartnersCapitalAccountUnitsIssued,LimitedPartnersCapitalAccountUnitsOutstanding,LitigationSettlementInterest,LossContingencyDamagesAwardedValue,LossContingencyDamagesPaidValue,ManagementFeeExpense,ManagementFeePayable,MoneyMarketFundsAtCarryingValue,NetCashProvidedByUsedInFinancingActivities,NetCashProvidedByUsedInFinancingActivitiesContinuingOperations,NetCashProvidedByUsedInOperatingActivities,NetCashProvidedByUsedInOperatingActivitiesContinuingOperations,NetIncomeLoss,NetIncomeLossNetOfTaxPerOutstandingLimitedPartnershipUnitDiluted,NetIncomeLossPerOutstandingLimitedPartnershipUnit,NetIncomeLossPerOutstandingLimitedPartnershipUnit,NetIncomeLossPerOutstandingLimitedPartnershipUnit,NetIncomeLossPerOutstandingLimitedPartnershipUnit,NetIncomeLossPerOutstandingLimitedPartnershipUnitBasicNetOfTax,NetIncomeLossPerOutstandingLimitedPartnershipUnitDiluted,NetIncomeLossPerOutstandingLimitedPartnershipUnitDiluted,NetIncomeLossPerOutstandingLimitedPartnershipUnitDiluted,NetIncomeLossPerOutstandingLimitedPartnershipUnitDiluted,NoninterestExpenseDirectorsFees,OperatingExpenses,OtherAssets,OtherExpenses,OtherIncome,OtherLiabilities,OtherReceivables,PartnersCapital,PartnersCapitalAccountContributions,PartnersCapitalAccountRedemptions,PartnersCapitalAccountUnitsContributed,PartnersCapitalAccountUnitsRedeemed,PrepaidInsurance,ProceedsFromPartnershipContribution,ProfessionalFees,ProfitLoss,RestrictedCashAndCashEquivalentsAtCarryingValue,Revenues,ShortTermInvestments,TradingLiabilities,TradingSecuritiesRealizedGainLoss,UnrealizedGainLossOnCommodityContracts,UnrealizedGainLossOnDerivatives,UnrealizedGainLossOnDerivativesAndCommodityContracts,UnrealizedGainLossOnInvestments,UnrecognizedTaxBenefitsIncomeTaxPenaltiesAndInterestExpense,WeightedAverageLimitedPartnershipUnitsOutstanding,DueFromRelatedPartiesCurrent,IncreaseDecreaseInDueFromRelatedPartiesCurrent
2010-06-30,2010-08-16,10-Q,"United States Brent Oil Fund, LP",BNO,CIK0001472494,USD,,,,6164.0,,,9362580.0,,,,,,,,,,,,287.0,,,,,1422.0,,107120.0,,,,,,,,,,,,,,,,81.0,,,,,,,,,,,,,,,,,,,,,194975.0,,,,0.97,,,,,0.97,,,8493.0,,45.0,,,,,,,,,,,11300.0,,,203468.0,,,,,,,95980.0,,200000.0,,
2010-09-30,2010-11-15,10-Q,"United States Brent Oil Fund, LP",BNO,CIK0001472494,USD,,,,19621.0,,,9159750.0,,,,,,,,,,,,1610.0,,,,,2259.0,,487060.0,,,,,,,,,,,,,,,,89.0,,,,,,,,,,,,,,,,,,,,,863528.0,,,,4.32,,,,,4.32,,,25971.0,,52155.0,,,,,,,,,,,,,,889499.0,,,,,,,400740.0,,200000.0,,
2010-12-31,2011-03-30,10-K,"United States Brent Oil Fund, LP",BNO,CIK0001472494,USD,,,,47800.0,12746355.0,3169218.0,9140476.0,,9139476.0,,,416.0,,,,,,2352020.0,3220.0,286.0,113715.0,,7803.0,5718.0,,2352020.0,,113715.0,,,,122904.0,286.0,,3169218.0,,0.0,201.0,416.0,,,259.0,,,,,131324.0,12746355.0,12615031.0,,,200000.0,,,,,,,9999000.0,,-859524.0,,2615031.0,,,,13.08,13.08,,,,13.08,13.08,,,,421.0,0.0,201.0,,12615031.0,10000000.0,1000.0,200000.0,,,10000000.0,122904.0,2615031.0,3169218.0,2678159.0,,,,,322660.0,322660.0,322660.0,,200000.0,,
2011-03-31,2011-05-16,10-Q,"United States Brent Oil Fund, LP",BNO,CIK0001472494,USD,,,,45461.0,,,64038331.0,,54897855.0,,,,,,,,,,1092.0,,,,,6352.0,,3914980.0,,-70119.0,,,,,394.0,,1459978.0,,1510.0,201.0,1350.0,,,434.0,,,,,,,,,,,,,,,,,52473343.0,,2424512.0,,5026076.0,,,,14.82,14.82,,,,14.93,,,,,525.0,7000.0,,,,,,,,,59009256.0,52688.0,5026076.0,,,,,,,,1164000.0,1164000.0,,336667.0,,
2011-06-30,2011-08-15,10-Q,"United States Brent Oil Fund, LP",BNO,CIK0001472494,USD,,,,87790.0,52681123.0,7254148.0,64038331.0,,,,,1246.0,,,,,,,1003.0,218.0,75906.0,,26340.0,7088.0,,2052560.0,,,,,,,,,,,,,,,,463.0,,,,,131088.0,52681123.0,52550035.0,,,700000.0,,,,,,,,,,,-155498.0,,-2.83,,-2.83,-2.83,,-0.26,,-0.26,,,113754.0,1102.0,1318.0,5000.0,906.0,,52550035.0,,,,,,,49868.0,-155498.0,,-41744.0,,40.0,,,,,-2100770.0,,601099.0,,
2011-09-30,2011-11-14,10-Q,"United States Brent Oil Fund, LP",BNO,CIK0001472494,USD,,,,79384.0,35040234.0,4133312.0,31415527.0,,,,,886.0,,,,,,,565.0,124.0,104431.0,,22950.0,7456.0,,-2093020.0,,,,,,,,,,,,,,,,1116.0,,,,,28114912.0,35040234.0,6925322.0,,,100000.0,,,,,,,,,,,-2191982.0,,,-5.82,-5.82,-5.82,,,-3.92,-3.92,,,103703.0,1390.0,1422.0,3500.0,147527.0,,6925322.0,,,,,,,43966.0,-2191982.0,,-2088279.0,,27943549.0,,,,,-440.0,,558696.0,,
2011-12-31,2012-03-28,10-K,"United States Brent Oil Fund, LP",BNO,CIK0001472494,USD,,,,318548.0,37451013.0,,29961706.0,,20821230.0,,,916.0,0.0,,,,8052950.0,8052950.0,3457.0,340.0,104431.0,,33910.0,31871.0,,8052950.0,0.0,-9284.0,,,,23618.0,54.0,,5131599.0,,278.0,1076.0,500.0,,,4586.0,11.0,,,,182625.0,37451013.0,37268388.0,,,500000.0,,,,,,17006337.0,18209007.0,,2612223.0,,10210104.0,5.74,,,11.46,16.75,5.73,,,11.48,11.48,,,278.0,4953.0,20050.0,1277.0,,37268388.0,205178034.0,186969027.0,5600000.0,5000000.0,,205178034.0,146522.0,10210104.0,8300817.0,6841813.0,19346002.0,0.0,,,-1239230.0,-1239230.0,-1239230.0,,1122740.0,,
2012-03-31,2012-05-15,10-Q,"United States Brent Oil Fund, LP",BNO,CIK0001472494,USD,,,,105515.0,60536341.0,,50632273.0,,20670567.0,,,1211.0,,,,,,6361470.0,1263.0,600.0,8066.0,,45792.0,9947.0,,6361470.0,,-96365.0,,,,,260.0,,1351996.0,,4658.0,196.0,295.0,,,2249.0,23.0,,461.0,,4438109.0,60536341.0,56098232.0,,,650000.0,,,,,,,15805285.0,,4865282.0,,7385136.0,,,,11.76,11.76,5.88,,,10.86,,,146662.0,4936.0,2144.0,4550.0,1473.0,,56098232.0,49776251.0,38331543.0,600000.0,450000.0,,49776251.0,29056.0,7385136.0,9652813.0,,,4360577.0,,,1154200.0,1154200.0,1154200.0,,680220.0,,
2012-06-30,2012-08-14,10-Q,"United States Brent Oil Fund, LP",BNO,CIK0001472494,USD,,,,91372.0,45175876.0,,38679556.0,39349534.0,,,,1206.0,,,,,,,3150.0,960.0,18848.0,,27268.0,7194.0,,-9854010.0,0.0,,,,,,,,,,,,,,,746.0,0.0,,,,87885.0,45175876.0,45087991.0,,,650000.0,,,,,,37010125.0,,,,,-10774433.0,-16.95,-16.93,,,-16.93,-8.47,-16.95,,,,,130211.0,3342.0,2588.0,1400.0,1298.0,,45087991.0,,,,,,,29057.0,-10774433.0,7041830.0,,39349534.0,,,,,,-806290.0,,635714.0,,
2012-09-30,2012-11-14,10-Q,"United States Brent Oil Fund, LP",BNO,CIK0001472494,USD,,,,105227.0,61029647.0,,54887568.0,40352635.0,,,,1421.0,,,,,,,2479.0,876.0,29017.0,,38016.0,8739.0,,7512240.0,0.0,,,,,,,,,,,,,,,1300.0,28.0,,506.0,,4189965.0,61029647.0,56839682.0,,,700000.0,,,,,,38012693.0,,,,,7512848.0,5.28,,11.83,,11.83,5.92,,10.55,,,,147750.0,2434.0,2714.0,2100.0,1398.0,,56839682.0,,,,,,,31070.0,7512848.0,6546074.0,,40352635.0,4059947.0,,,,,132310.0,,1423914.0,,
2012-12-31,2013-03-26,10-K,"United States Brent Oil Fund, LP",BNO,CIK0001472494,USD,,,,391039.0,45228563.0,,39506019.0,,9544313.0,,,1221.0,0.0,,,,3239910.0,3239910.0,10149.0,1036.0,47248.0,,28273.0,33506.0,0.0,3239910.0,0.0,-57183.0,0.0,,,,696.0,-717.0,-3366714.0,,549.0,-168.0,305.0,,,5345.0,0.0,,,,155942.0,45228563.0,45072621.0,,,1100000.0,,,,,,38015790.0,3394909.0,,6149404.0,,4695097.0,3.37,,,,8.16,4.09,,,,6.74,9844.0,694833.0,827.0,9844.0,10500.0,1109.0,,45072621.0,89087948.0,85693039.0,2200000.0,2100000.0,,89087948.0,125339.0,4695097.0,4934103.0,4921804.0,40715676.0,0.0,3239910.0,,1655900.0,1655900.0,1655900.0,,1307650.0,,
2013-03-31,2013-05-15,10-Q,"United States Brent Oil Fund, LP",BNO,CIK0001472494,USD,,,,80291.0,45851490.0,,42673401.0,,3167382.0,,,1071.0,,,,,1440840.0,1440840.0,2259.0,722.0,14868.0,,27700.0,8402.0,,1440840.0,0.0,-32380.0,,,,,-314.0,,-1852336.0,,2845.0,18.0,-150.0,,,995.0,,,,,60780.0,45851490.0,45790710.0,,,550000.0,,,,,,26015790.0,38356.0,,3129026.0,,679733.0,0.66,,,1.31,,0.66,,,1.32,,,121859.0,3672.0,2284.0,4900.0,1127.0,,45790710.0,38093572.0,38055216.0,450000.0,450000.0,,38093572.0,30882.0,679733.0,3081767.0,786724.0,27715581.0,,,,-662270.0,-662270.0,-662270.0,,1032222.0,,
2013-06-30,2013-08-09,10-Q,"United States Brent Oil Fund, LP",BNO,CIK0001472494,USD,,,,82571.0,38974971.0,,35888564.0,,,,,1231.0,,,,,,,1747.0,583.0,29519.0,,26135.0,7888.0,,-2997830.0,0.0,,,,,,,,,,,,,,,1511.0,,,,,90694.0,38974971.0,38884277.0,,,500000.0,,,,,,26015790.0,,,,,-2987792.0,-2.72,,,,,-2.75,,,,,,123951.0,2683.0,2370.0,1050.0,1324.0,,38884277.0,,,,,,,31122.0,,2861532.0,-2878492.0,28215266.0,,,,,,115030.0,,1100000.0,,
2013-09-30,2013-11-14,10-Q,"United States Brent Oil Fund, LP",BNO,CIK0001472494,USD,,,,79538.0,40405024.0,,38001862.0,,,,,981.0,,,,,,,1550.0,501.0,50477.0,,25659.0,6739.0,,5369970.0,0.0,,,,,,,,,,,,,,,1207.0,,,,,4375992.0,40405024.0,36029032.0,,,850000.0,,,,,,26015790.0,,,,,3439908.0,3.44,,,,,3.51,,,,,,125487.0,1684.0,2356.0,3150.0,1240.0,,36029032.0,,,,,,,36854.0,,3989850.0,3544437.0,28215603.0,4249254.0,,,,,-1831440.0,,998913.0,,
2013-12-31,2014-03-26,10-K,"United States Brent Oil Fund, LP",BNO,CIK0001472494,USD,,0.0,140442.0,299440.0,28638579.0,,25257312.0,,-14248707.0,,,821.0,,28670.0,,,3338310.0,,6856.0,584.0,80653.0,,18110.0,29674.0,0.0,3338310.0,0.0,33405.0,350.0,,,,-452.0,-73.0,-1663093.0,,208.0,-215.0,-400.0,,,5073.0,,,,12010110.0,2350236.0,28638579.0,26288343.0,,,600000.0,,,,,209.0,8010771.0,-18854188.0,,4605481.0,,3389279.0,2.35,,,,,4.25,,,,,9012.0,585839.0,1035.0,9012.0,18900.0,894.0,350.0,26288343.0,118483039.0,139527881.0,2800000.0,3300000.0,,118483039.0,140442.0,2260564.0,3271010.0,3864289.0,12010110.0,2190654.0,0.0,,-710660.0,-710660.0,-710660.0,,963425.0,,
2014-03-31,2014-05-15,10-Q,"United States Brent Oil Fund, LP",BNO,CIK0001472494,USD,,,,49695.0,28049264.0,,22093484.0,,-3163828.0,,,711.0,,,,,-98080.0,,37.0,163.0,30741.0,,17029.0,4109.0,,-98080.0,0.0,-49912.0,0.0,2671.0,,,-421.0,-209.0,2897576.0,,2855.0,-25.0,-110.0,,,1751.0,,,,,2212340.0,28049264.0,25836924.0,,,600000.0,,,,,,8010772.0,-53932.0,,-3109896.0,,-435090.0,-0.69,,,,,-0.75,,,,,1935.0,96419.0,3890.0,1935.0,3150.0,869.0,,25836924.0,10745769.0,10762098.0,250000.0,250000.0,,10745769.0,40680.0,-435090.0,6168586.0,-369412.0,11010647.0,2153051.0,,,-276270.0,-276270.0,-276270.0,,626667.0,,
2014-06-30,2014-08-14,10-Q,"United States Brent Oil Fund, LP",BNO,CIK0001472494,USD,,,81812.0,74335.0,54540491.0,,33210571.0,,,,,1286.0,,,,,,,462.0,157.0,57705.0,,30476.0,6641.0,,90420.0,0.0,,,,,,,,,,,,,,,2240.0,,,,,114957.0,54540491.0,54425534.0,,,1200000.0,,,,,,8010772.0,,,,,1945692.0,2.16,,,,,2.29,,,,,2486.0,124594.0,2587.0,2486.0,3500.0,1383.0,,54425534.0,,,,,,,41132.0,,19570371.0,2043322.0,26008078.0,0.0,,,,,1946700.0,,900000.0,,
2014-09-30,2014-11-14,10-Q,"United States Brent Oil Fund, LP",BNO,CIK0001472494,USD,,,65464.0,94208.0,39703811.0,,39372955.0,,,,,1286.0,,,,,,,468.0,158.0,40784.0,,28210.0,7785.0,,-4173460.0,0.0,,,,,,,,,,,,,,,3856.0,,,,,1982534.0,39703811.0,37721277.0,,,1000000.0,,,,,,8010771.0,,,,,-8979714.0,-7.52,,,,,-7.63,,,,,2624.0,144367.0,1624.0,2624.0,2100.0,1508.0,,37721277.0,,,,,,,39750.0,,3294820.0,-8872666.0,33007719.0,1886066.0,0.0,,,,-4705630.0,,1194022.0,,
2014-12-31,2015-03-26,10-K,"United States Brent Oil Fund, LP",BNO,CIK0001472494,USD,0.0,2250175.0,115836.0,286806.0,41559428.0,,36408502.0,,11151190.0,,,1686.0,,-6347090.0,,,-19750710.0,,1252.0,26.0,94364.0,,22178.0,27058.0,17.0,-19750710.0,0.0,13711.0,350.0,,,,-558.0,129.0,5881741.0,,,,865.0,,,10869.0,,,,24995470.0,140038.0,41559428.0,41419390.0,50000000.0,450000.0,1850000.0,,,,,338.0,0.0,37142087.0,37142087.0,-25990897.0,-25990897.0,-45434626.0,-26.86,,,,,-36.75,,,,,9150.0,637002.0,,,15050.0,,700.0,41419390.0,77749293.0,36166377.0,2250000.0,1000000.0,,75499118.0,178177.0,-26451869.0,9152751.0,-44999808.0,24995470.0,0.0,17.0,,-6375760.0,-6375760.0,-6375760.0,,984795.0,,
2015-03-31,2015-05-13,10-Q,"United States Brent Oil Fund, LP",BNO,CIK0001472494,USD,1502.0,3071272.0,67723.0,153435.0,108655711.0,,98111818.0,,61703316.0,,,4546.0,,,,,1725380.0,,522.0,340.0,27725.0,,65119.0,25577.0,,1725380.0,0.0,-66639.0,-700.0,1502.0,,,314.0,-338.0,8826163.0,,,,2860.0,,,8117.0,,,,60987238.0,137388.0,108655711.0,108518323.0,,,5300000.0,,,,,0.0,10000000.0,68907247.0,,-7203931.0,,-2629411.0,-0.67,,,,,-1.91,,,,,2547.0,212837.0,,,10500.0,,0.0,108518323.0,71769789.0,-2041445.0,3550000.0,100000.0,,70948692.0,31278.0,-2629411.0,17978914.0,-2444251.0,60987238.0,,,,-4188770.0,-4188770.0,-4188770.0,,3921111.0,,
2015-06-30,2015-08-12,10-Q,"United States Brent Oil Fund, LP",BNO,CIK0001472494,USD,270.0,0.0,59086.0,215855.0,105357561.0,,94051374.0,,,,,4546.0,,,,,,,997.0,329.0,58489.0,,64901.0,30188.0,,3540292.0,0.0,,,,,,,,,,,,,,,14933.0,,,,79986888.0,128533.0,105357561.0,105229028.0,,,4650000.0,,,,,0.0,10000000.0,,,,,11960974.0,2.38,,,,,2.15,,,,,3029.0,288100.0,,,3500.0,,350.0,105229028.0,,,,,,,39028.0,,13124021.0,12218310.0,79986888.0,,,,,,8658588.0,,5032967.0,,
2015-09-30,2015-11-13,10-Q,"United States Brent Oil Fund, LP",BNO,CIK0001472494,USD,,0.0,88319.0,168387.0,82938045.0,,72282716.0,,,,,5746.0,,,,,,,312.0,34.0,91374.0,,54513.0,28015.0,,-26619172.0,0.0,,,,,,,,,,,,,,,16385.0,,,,58979611.0,148729.0,82938045.0,82789316.0,,,5000000.0,,,,,151.0,1000000.0,,,,,-29290275.0,-5.92,,,,,-6.07,,,,,2657.0,237707.0,,,4200.0,,350.0,82789316.0,,,,,,,38648.0,,14928031.0,-29085453.0,58979611.0,,10.0,,,,-2487188.0,,4947283.0,,
2015-12-31,2016-03-11,10-K,"United States Brent Oil Fund, LP",BNO,CIK0001472494,USD,0.0,1238809.0,113211.0,690367.0,82661003.0,,67996295.0,,31587793.0,,,5746.0,,,,0.0001,-41811240.0,,1936.0,39.0,135365.0,0.0,49275.0,114922.0,,-41811240.0,0.0,41001.0,0.0,,0.0,,13.0,323.0,11579384.0,,,,4060.0,,,63675.0,,,,,168893.0,82661003.0,82492110.0,,,6750000.0,,,,,661.0,3000000.0,85729246.0,85729246.0,-54141453.0,-54141453.0,-67331608.0,-9.02,,,,,-14.51,,,,,10575.0,225114.0,,,24150.0,,700.0,82492110.0,123526846.0,38808966.0,6800000.0,1900000.0,,124538212.0,147894.0,-43645160.0,20732135.0,-23505325.0,64945289.0,,10.0,,-1095250.0,-1095250.0,-1095250.0,,4836438.0,,
2016-03-31,2016-05-04,10-Q,"United States Brent Oil Fund, LP",BNO,CIK0001472494,USD,2570.0,0.0,43783.0,178102.0,110306014.0,,95117071.0,,27120776.0,,,7176.0,,,,,4200809.0,,3755.0,2553.0,59413.0,,71842.0,53272.0,,4200809.0,0.0,-75952.0,0.0,2570.0,,,2514.0,-661.0,-512198.0,,,,1430.0,,,53038.0,,,,,122801.0,110306014.0,110183213.0,,,8950000.0,,,,,0.0,12000000.0,22533938.0,22533938.0,4586838.0,4586838.0,6395974.0,0.75,,,,,0.09,,,,,2448.0,272050.0,,,4550.0,,700.0,110183213.0,25058476.0,3763347.0,2500000.0,300000.0,,26297285.0,38228.0,6395974.0,20219937.0,6608262.0,76924173.0,,,,2346110.0,2346110.0,2346110.0,,8493956.0,,
2016-06-30,2016-08-05,10-Q,"United States Brent Oil Fund, LP",BNO,CIK0001472494,USD,887.0,0.0,15042.0,231921.0,115990036.0,,94600633.0,,,,,7176.0,,,,,,,13565.0,4419.0,95967.0,,77686.0,41196.0,,18909681.0,0.0,,,,,,,,,,,,,,,83874.0,,,,,99904.0,115990036.0,115890132.0,,,7800000.0,,,,,0.0,20000000.0,,,,,22920383.0,2.62,,,,,2.55,,,,,3265.0,314611.0,,,3500.0,,700.0,115890132.0,,,,,,,38229.0,,22195840.0,23198440.0,87919970.0,,,,,,4187820.0,,8739011.0,,
2016-09-30,2016-11-07,10-Q,"United States Brent Oil Fund, LP",BNO,CIK0001472494,USD,,0.0,57343.0,209072.0,123348080.0,,104753346.0,,,,,7176.0,,,,,,,17861.0,6428.0,138993.0,5800122.0,68088.0,36202.0,,-10888200.0,0.0,,,,,,,,,,,,,,,77019.0,,,,,5932848.0,123348080.0,117415232.0,,,8050000.0,,,,,119.0,37000000.0,,,,,-1682830.0,-0.21,,,,,-0.27,,,,,2923.0,295596.0,,,1400.0,,700.0,117415232.0,,,,,,,47399.0,,9995363.0,-1430260.0,97939316.0,,0.0,,,,9361660.0,,7966848.0,,
2016-12-31,2017-03-10,10-K,"United States Brent Oil Fund, LP",BNO,CIK0001472494,USD,0.0,0.0,107421.0,832667.0,113998580.0,,103167056.0,,22736447.0,111464877.0,,7176.0,,,8297821.0,,27857540.0,,66811.0,10378.0,189745.0,0.0,74409.0,165409.0,,27857540.0,0.0,54380.0,0.0,,0.0,,10339.0,523.0,-12434314.0,,,,1430.0,,,290408.0,0.0,,,,975508.0,113998580.0,113023072.0,,,7200000.0,,,,832667.0,1184.0,35000000.0,-4450039.0,-4450039.0,27186486.0,39620800.0,46376729.0,4.49,,,,,4.59,,,,,11565.0,307039.0,,,14350.0,,700.0,113023072.0,39802240.0,46276406.0,3600000.0,3150000.0,,41041049.0,179655.0,,8297821.0,9627887.0,96899767.0,,0.0,,9775220.0,9775220.0,9775220.0,,8243989.0,,
2017-03-31,2017-05-05,10-Q,"United States Brent Oil Fund, LP",BNO,CIK0001472494,USD,3196.0,,140475.0,198710.0,105088426.0,,92769457.0,,-10702024.0,,,5316.0,,,,,-10110040.0,,40228.0,12413.0,310004.0,1936460.0,64722.0,29924.0,,-10110040.0,0.0,120259.0,,3196.0,0.0,,2035.0,-1184.0,-304425.0,,,,-1860.0,,,101135.0,,,,,2146973.0,105088426.0,102941453.0,,,7100000.0,,,,,0.0,27000000.0,-2327238.0,-2327238.0,-8374786.0,-8070361.0,-8539699.0,-1.19,,,,,-1.2,,,,,3019.0,358711.0,,,1050.0,,700.0,102941453.0,764363.0,2306283.0,50000.0,150000.0,,764363.0,127058.0,,7993396.0,-8301247.0,95889751.0,,,,1666380.0,1666380.0,1666380.0,,7165000.0,,
2017-06-30,2017-08-07,10-Q,"United States Brent Oil Fund, LP",BNO,CIK0001472494,USD,1960.0,,76667.0,186713.0,115545967.0,,97601807.0,,,,,5316.0,,,,,,,38427.0,12273.0,183478.0,,59442.0,37844.0,,-10510330.0,0.0,,,,,,,,,,,,,,,138715.0,,,,,141425.0,115545967.0,115404542.0,,,8900000.0,,,,186713.0,0.0,20000000.0,,,,,-8856003.0,-1.21,,,,,-1.53,,,,,3231.0,287274.0,,,3500.0,,0.0,115404542.0,,,,,,,59486.0,,12049449.0,-8631948.0,87823388.0,,,,,,1697740.0,,7294505.0,,
2017-09-30,2017-11-06,10-Q,"United States Brent Oil Fund, LP",BNO,CIK0001472494,USD,404.0,,161228.0,187877.0,98970983.0,,82845053.0,,,,,5316.0,,,13446411.0,,,,45263.0,14378.0,250328.0,,60655.0,35755.0,,18646860.0,0.0,,,,,,,,,,,,,,,197412.0,7559.0,,,,2505890.0,98970983.0,96465093.0,,,6350000.0,,,,187877.0,0.0,20000000.0,,,,,15377331.0,2.13,,,,,2.22,,,,,3476.0,292404.0,,,3850.0,,350.0,96465093.0,,,,,,,65296.0,,13446411.0,15602885.0,87824096.0,,,,,,-3290500.0,,7221739.0,,
2017-12-31,2018-03-14,10-K,"United States Brent Oil Fund, LP",BNO,CIK0001472494,USD,0.0,,243122.0,756539.0,98457762.0,,78344087.0,,-18953374.0,92511503.0,,5316.0,,,14167416.0,,12264400.0,,173888.0,16991.0,331433.0,,61483.0,132707.0,,12264400.0,0.0,141688.0,-350.0,,9575.0,,6613.0,255.0,5869595.0,,,,-1860.0,311.0,,654768.0,9575.0,,,,3908889.0,98457762.0,94548873.0,,,5200000.0,,,,756539.0,1128.0,20000000.0,-31112767.0,,12159393.0,,32920551.0,2.24,,,,,5.470000000000001,,,,,13325.0,300890.0,,,10850.0,,350.0,94548873.0,40082469.0,74007758.0,3150000.0,5150000.0,,40082469.0,336708.0,,14167416.0,17689246.0,82786902.0,,0.0,,3255030.0,3255030.0,3255030.0,,6888630.0,,
2018-03-31,2018-05-10,10-Q,"United States Brent Oil Fund, LP",BNO,CIK0001472494,USD,,,241875.0,175198.0,94026187.0,,78109650.0,,-3322948.0,,,2816.0,,,11078905.0,,5625960.0,,70829.0,27924.0,390601.0,,52245.0,23732.0,,5625960.0,0.0,59168.0,,0.0,-2788.0,,10933.0,1179.0,,,,,-2500.0,,,249033.0,6787.0,,,,2196235.0,94026187.0,91829952.0,,,4800000.0,,,,175198.0,2307.0,22000000.0,-8982158.0,,5659210.0,,4562389.0,0.88,,,,,0.95,,,,,3364.0,269461.0,,,2800.0,,350.0,91829952.0,3704236.0,10985546.0,200000.0,600000.0,,3704236.0,67167.0,,11078905.0,4772682.0,84741759.0,,,,-1175940.0,-1175940.0,-1175940.0,,5158889.0,,
2018-06-30,2018-08-08,10-Q,"United States Brent Oil Fund, LP",BNO,CIK0001472494,USD,2346.0,,187683.0,,105763735.0,,90179694.0,,,98672676.0,,2816.0,,,8492982.0,,,,99739.0,39154.0,408892.0,,61579.0,24361.0,,11895420.0,0.0,,,,,,,,,,,,,,,290948.0,3807.0,,,,252078.0,105763735.0,105511657.0,,,4750000.0,,,,182530.0,0.0,34500000.0,,,,,14294815.0,3.04,,,,,3.08,,,,,4031.0,237273.0,,,2800.0,,0.0,105511657.0,,,,,,,26351.0,,8492982.0,14513797.0,97176693.0,,,,,,2224890.0,,4697802.0,,
2018-09-30,2018-11-08,10-Q,"United States Brent Oil Fund, LP",BNO,CIK0001472494,USD,,,186327.0,,107328265.0,,86567752.0,,,101337314.0,,2816.0,,,14769562.0,,,,136916.0,39578.0,78058.0,,55629.0,24990.0,,5214730.0,0.0,,,,,,,,,,,,,,,347993.0,6915.0,,,,250577.0,107328265.0,107077688.0,,,4600000.0,,,,188880.0,5805.0,25700000.0,,,,,4706269.0,1.0,,,,,1.07,,,,,4317.0,227009.0,,,3500.0,,0.0,107077688.0,,,,,,,8822.0,,14769562.0,4932679.0,91341867.0,,,,,,-770460.0,,4703261.0,,
2018-12-31,2019-03-13,10-K,"United States Brent Oil Fund, LP",BNO,CIK0001472494,USD,,,190142.0,,73870517.0,,62639874.0,,-12453861.0,80057642.0,-12453861.0,2816.0,,,17417768.0,,-4153140.0,,408899.0,17812.0,81642.0,,50008.0,98880.0,,-4153140.0,0.0,-249791.0,-350.0,,-8188.0,,821.0,778.0,,,,,-2500.0,527.0,,1284171.0,1387.0,0.0,,,245889.0,73870517.0,73624628.0,,,4850000.0,,,,721836.0,2923.0,5950000.0,-9331691.0,,-3122170.0,,-53944261.0,-3.14,,,,,-11.1,,,,,15970.0,214103.0,,,13300.0,,0.0,73624628.0,41996934.0,47730785.0,2050000.0,2400000.0,1544.0,41996934.0,111160.0,,17417768.0,-38543348.0,67609727.0,,,,-11877420.0,-11877420.0,-11877420.0,,4836438.0,,
2019-03-31,2019-05-09,10-Q,"United States Brent Oil Fund, LP",BNO,CIK0001472494,USD,,,106599.0,,94326308.0,,83897473.0,,14060654.0,94118296.0,14060654.0,2816.0,,,10220823.0,,13230840.0,,148251.0,67133.0,87647.0,,53451.0,26284.0,,13230840.0,0.0,6005.0,0.0,,75.0,,49321.0,69.0,,,,,0.0,-1544.0,,372893.0,1462.0,,,,165871.0,94326308.0,94160437.0,,,4900000.0,,,,166045.0,3005.0,32800000.0,639349.0,,13421305.0,,19896460.0,3.99,,,,,4.04,,,,,4299.0,205258.0,,,2450.0,,,94160437.0,7937858.0,7298509.0,450000.0,400000.0,,7937858.0,8630.0,,10220823.0,20095714.0,92434914.0,,,,6341280.0,6341280.0,6341280.0,,4987222.0,,
2019-06-30,2019-08-08,10-Q,"United States Brent Oil Fund, LP",BNO,CIK0001472494,USD,,,50925.0,,94443948.0,,79878780.0,,,88855567.0,,2816.0,,,8976787.0,,,,173562.0,46180.0,9395.0,2500038.0,53976.0,25440.0,,-5783470.0,0.0,,,,,,,,,,,,,,,378553.0,2213.0,,,,2607755.0,94443948.0,91836193.0,,,4800000.0,,,,175319.0,,30000000.0,,,,,35962.0,0.01,,,,,-0.09,,,,,4288.0,213774.0,,,2100.0,,,91836193.0,,,200000.0,300000.0,,,8727.0,,8976787.0,246345.0,88673174.0,,,,,,5475600.0,,4769780.0,,
2019-09-30,2019-11-08,10-Q,"United States Brent Oil Fund, LP",BNO,CIK0001472494,USD,,,82379.0,,77042383.0,,71249689.0,,,83587636.0,,2816.0,,,12337947.0,,,,133489.0,34803.0,44752.0,,50971.0,26184.0,,7012170.0,0.0,,,,,,,,,,,,,,,345384.0,2291.0,0.0,,,139403.0,77042383.0,76902980.0,,,4250000.0,,,,162830.0,3237.0,21000000.0,,,,,-4861383.0,-1.04,,,,,-1.04,,,,,5318.0,230753.0,,,1750.0,,,76902980.0,,,300000.0,850000.0,4311.0,,36421.0,,12337947.0,-4665987.0,78720170.0,,,,,,-12158780.0,,4665217.0,,
2019-12-31,2020-03-13,10-K,"United States Brent Oil Fund, LP",BNO,CIK0001472494,USD,,,117559.0,,84878232.0,,72725833.0,,3545798.0,83603440.0,3545798.0,2816.0,,,10877607.0,,18175420.0,,533922.0,26116.0,80032.0,,52399.0,101742.0,,18175420.0,0.0,-1610.0,0.0,,3515.0,,8304.0,349.0,,,,,0.0,588.0,,1383419.0,4902.0,0.0,,,176046.0,84878232.0,84702186.0,,,4050000.0,,,,656053.0,3272.0,23000000.0,-15685709.0,,19231507.0,,38455495.0,5.76,,,,,8.55,,,,,19301.0,217511.0,,,6650.0,,0.0,84702186.0,17034820.0,32720529.0,950000.0,1750000.0,2132.0,17034820.0,90200.0,,10877607.0,11874459.0,78785251.0,,,,7451120.0,7451120.0,7451120.0,,4646301.0,,0.0
2020-03-31,2020-05-08,10-Q,"United States Brent Oil Fund, LP",BNO,CIK0001472494,USD,,,64426.0,,124509727.0,,85368500.0,,,124725127.0,41121687.0,3116.0,,,39356627.0,,-66688930.0,,70258.0,17202.0,136623.0,,56109.0,46679.0,,-66688930.0,0.0,56591.0,1050.0,,-4670.0,,-8914.0,-199.0,,,,,300.0,7587.0,,227012.0,232.0,0.0,,,126724.0,124509727.0,124383003.0,,,15600000.0,,,,153554.0,3073.0,,107784428.0,,-66662741.0,,-78883355.0,-13.99,,,,,-12.94,,,,,5147.0,241406.0,,,14700.0,,1050.0,124383003.0,120744277.0,2180105.0,11700000.0,150000.0,9719.0,109964533.0,36026.0,,39356627.0,-78698540.0,48854518.0,,,,-12321580.0,-12321580.0,-12321580.0,0.0,5637363.0,,
2020-06-30,2020-08-07,10-Q,"United States Brent Oil Fund, LP",BNO,CIK0001472494,USD,,,51168.0,,413831357.0,,346275914.0,,,414301886.0,,15116.0,,,68025972.0,,,,113447.0,43810.0,0.0,,265143.0,205173.0,,125227920.0,0.0,,,,,,,,,,,,,,,119776.0,0.0,81500.0,,,336309.0,413831357.0,413495048.0,,,38400000.0,,,,601981.0,4882.0,346234714.0,,,,,134833408.0,3.8,,,,,2.8,,,,,7143.0,943650.0,,,17171.0,,,413495048.0,,,31450000.0,8650000.0,7297.0,,47853.0,,68025972.0,135556854.0,,,,,,,10078540.0,,35495604.0,,
2020-09-30,2020-11-06,10-Q,"United States Brent Oil Fund, LP",BNO,CIK0001472494,USD,,,112918.0,,357728344.0,,296827349.0,,,363524257.0,,15505.0,,,66696908.0,,,,68536.0,3814.0,497324.0,,231291.0,161652.0,,4940930.0,0.0,,,,,,,,,,,,,,,31647.0,5378.0,87470.0,,,365102.0,357728344.0,357363242.0,,,33400000.0,,,,758726.0,5388.0,30347000.0,,,,,-1244409.0,-0.03,,,,,-0.07,,,,,8235.0,1129381.0,,,9100.0,,21.0,357363242.0,,,2700000.0,7700000.0,4848.0,,113298.0,,66696908.0,-335557.0,,,,,,,-5385770.0,,35792391.0,,
2020-12-31,2021-02-26,10-K,"United States Brent Oil Fund, LP",BNO,CIK0001472494,USD,,,161123.0,,350241278.0,,311507932.0,,,345338258.0,261734818.0,21299.0,,,33830326.0,,119917640.0,,253607.0,267.0,660603.0,,221384.0,548601.0,,119917640.0,0.0,580571.0,,,7046.0,,-25849.0,1455.0,,,,,18483.0,267.0,,411917.0,11948.0,234290.0,,,408533.0,350241278.0,349832745.0,,,27100000.0,,,,2152372.0,4727.0,30347000.0,144109959.0,,117624859.0,,183462174.0,4.45,,,,,-5.79,,,,,28104.0,929012.0,,,48671.0,,,349832745.0,,,46200000.0,23150000.0,2399.0,385408106.0,280082.0,,33830326.0,65143998.0,30347000.0,,,,1034920.0,1034920.0,1034920.0,0.0,26763425.0,0.0,
2021-03-31,2021-05-07,10-Q,"United States Brent Oil Fund, LP",BNO,CIK0001472494,USD,,,124623.0,,331512041.0,,303480374.0,,,341853377.0,-3484881.0,22595.0,,,38373003.0,,90150900.0,,8953.0,5252.0,139105.0,,224019.0,95085.0,,90150900.0,0.0,-521498.0,,,-10615.0,,4985.0,281.0,,,,,1296.0,63073.0,,21403.0,1333.0,63900.0,,,376245.0,331512041.0,331135796.0,,,20900000.0,,,,663973.0,5008.0,235347000.0,-93375537.0,,89890656.0,,76615279.0,3.24,,,,,2.93,,,,,9195.0,935872.0,,,10500.0,,,331135796.0,,,1600000.0,7800000.0,65472.0,27967380.0,103719.0,,38373003.0,77412046.0,285345077.0,,,,-12779710.0,-12779710.0,-12779710.0,0.0,23677222.0,,
2021-06-30,2021-08-06,10-Q,"United States Brent Oil Fund, LP",BNO,CIK0001472494,USD,,,168238.0,,319822437.0,,238613805.0,,,313554615.0,,17169.0,,,74940810.0,,,,14933.0,4649.0,0.0,,196713.0,71693.0,,46991360.0,0.0,,,,,,,,,,,,,,,11091.0,4787.0,64610.0,,220847000.0,421010.0,319822437.0,319401427.0,,,16600000.0,,,,604779.0,4962.0,220847000.0,,,,,62965476.0,3.4,,,,,3.4,,,,,22164.0,915484.0,,,7700.0,,,319401427.0,,,550000.0,4850000.0,48736.0,,152238.0,,74940810.0,63817914.0,220847000.0,,,,,,16792830.0,,18492222.0,,
2021-09-30,2021-11-05,10-Q,"United States Brent Oil Fund, LP",BNO,CIK0001472494,USD,,,181883.0,,246262634.0,,174240607.0,,,232757421.0,,14215.0,,,58516814.0,,,,12363.0,3631.0,0.0,,155325.0,60407.0,,10226120.0,0.0,,,,,,,,,,,,,,,14367.0,4405.0,65320.0,,164347000.0,455291.0,246262634.0,245807343.0,,,11900000.0,,,,519919.0,4620.0,164347000.0,,,,,16765779.0,1.16,,,,,1.42,,,,,22023.0,749431.0,,,6650.0,,,245807343.0,,,350000.0,5050000.0,31817.0,,81762.0,,58516814.0,17515210.0,164347000.0,,,,,,7255710.0,,14452174.0,,
2021-12-31,2022-02-25,10-K,"United States Brent Oil Fund, LP",BNO,CIK0001472494,USD,,,245908.0,,226985514.0,,152783233.0,,,209980620.0,-135357638.0,13287.0,,,57197387.0,,150117880.0,,47073.0,3257.0,0.0,,145082.0,277795.0,,150117880.0,0.0,-660603.0,,,-7548.0,,2990.0,-519.0,,,,,-8012.0,12498.0,,60831.0,4400.0,259150.0,,145447000.0,573053.0,226985514.0,226412461.0,,,10850000.0,,,,2259549.0,4208.0,145447000.0,-278942563.0,,143584925.0,,158571406.0,9.23,,,,,8.17,,,,,74951.0,682338.0,,,28350.0,,,226412461.0,,,3600000.0,19850000.0,14897.0,68407109.0,411680.0,,57197387.0,1794774.0,145447000.0,,,,10285810.0,10285810.0,10285810.0,0.0,17067945.0,4500000.0,4500000.0
