end,filed,form,Name,Ticker,CIK,Currency,AccountsPayableCurrent,AccruedIncomeTaxes,AccruedIncomeTaxesCurrent,AccruedRoyaltiesCurrent,AdditionalPaidInCapital,AdditionalPaidInCapitalCommonStock,AmortizationOfIntangibleAssets,AssetImpairmentCharges,Assets,AssetsCurrent,AssetsNet,Cash,CashAndCashEquivalentsAtCarryingValue,CashAndCashEquivalentsFairValueDisclosure,CashCashEquivalentsRestrictedCashAndRestrictedCashEquivalents,CashCashEquivalentsRestrictedCashAndRestrictedCashEquivalentsPeriodIncreaseDecreaseExcludingExchangeRateEffect,CashPeriodIncreaseDecrease,CommonStockDividendsPerShareCashPaid,CommonStockDividendsPerShareDeclared,CommonStockParOrStatedValuePerShare,CommonStockSharesAuthorized,CommonStockSharesIssued,CommonStockSharesOutstanding,CommonStockSharesSubscribedButUnissued,CommonStockValue,CostOfRevenue,DebtInstrumentIncreaseAccruedInterest,DebtInstrumentInterestRateStatedPercentage,DeferredIncomeTaxExpenseBenefit,DeferredIncomeTaxLiabilitiesNet,DeferredTaxLiabilities,DepreciationAndAmortization,DevelopmentStageEnterpriseDeficitAccumulatedDuringDevelopmentStage,DividendsPayableCurrentAndNoncurrent,EarningsPerShareBasic,EarningsPerShareBasicAndDiluted,EarningsPerShareDiluted,EffectiveIncomeTaxRateContinuingOperations,EquityIssuancePerShareAmount,FairValueAssetsMeasuredOnRecurringBasisChangeInUnrealizedGainLoss,FinanceLeaseRightOfUseAsset,GeneralInsuranceExpense,GrossInvestmentIncomeOperating,GrossProfit,IncomeTaxExpenseBenefit,IncreaseDecreaseInAccountsPayable,IncreaseDecreaseInAccountsPayableAndOtherOperatingLiabilities,IncreaseDecreaseInDeferredRevenue,IncreaseDecreaseInInterestAndDividendsReceivable,IncreaseDecreaseInInterestPayableNet,IncreaseDecreaseInInventories,IncreaseDecreaseInPrepaidDeferredExpenseAndOtherAssets,IncreaseDecreaseInPrepaidExpense,IncreaseDecreaseInRoyaltiesPayable,InterestExpense,InterestPayableCurrent,InvestmentCompanyDistributableEarningsLossAccumulatedAppreciationDepreciation,InvestmentCompanyDistributableEarningsLossAccumulatedLongTermCapitalGainLoss,InvestmentCompanyDistributableEarningsLossAccumulatedOrdinaryIncomeLoss,InvestmentCompanyDistributionToShareholdersPerShare,InvestmentCompanyExpenseRatioAfterIncentiveAllocation,InvestmentCompanyGainLossOnInvestmentPerShare,InvestmentCompanyInvestmentIncomeLossPerShare,InvestmentCompanyInvestmentIncomeLossRatio,InvestmentCompanyRealizedAndUnrealizedGainLossOnInvestmentAndForeignCurrency,InvestmentCompanyTotalReturn,InvestmentIncomeDividend,InvestmentIncomeInterest,InvestmentOwnedAtCost,InvestmentOwnedAtFairValue,InvestmentOwnedPercentOfNetAssets,LaborAndRelatedExpense,LeaseCost,LesseeOperatingLeaseLiabilityPaymentsDue,LesseeOperatingLeaseLiabilityPaymentsDueNextTwelveMonths,LesseeOperatingLeaseLiabilityPaymentsDueYearTwo,LesseeOperatingLeaseLiabilityUndiscountedExcessAmount,Liabilities,LiabilitiesAndStockholdersEquity,LiabilitiesCurrent,LiabilitiesNoncurrent,NetAssetValuePerShare,NetCashProvidedByUsedInFinancingActivities,NetCashProvidedByUsedInInvestingActivities,NetCashProvidedByUsedInOperatingActivities,NetIncomeLoss,NetInvestmentIncome,NoncashOrPartNoncashAcquisitionIntangibleAssetsAcquired1,NoncashOrPartNoncashAcquisitionInventoryAcquired1,NoncashOrPartNoncashAcquisitionPayablesAssumed1,NoninterestExpenseDirectorsFees,NonoperatingIncomeExpense,NotesAssumed1,NotesPayableRelatedPartiesClassifiedCurrent,NotesPayableRelatedPartiesNoncurrent,NotesReceivableNet,OccupancyNet,OperatingExpenses,OperatingIncomeLoss,OperatingLeaseCost,OperatingLeaseLiability,OperatingLeaseLiabilityCurrent,OperatingLeaseRightOfUseAsset,OperatingLeaseWeightedAverageDiscountRatePercent,OperatingLossCarryforwards,OtherGeneralAndAdministrativeExpense,OtherNoncashExpense,PaymentsForRepurchaseOfCommonStock,PaymentsOfDividendsCommonStock,PaymentsToAcquireProductiveAssets,PrepaidExpenseCurrentAndNoncurrent,ProceedsFromIssuanceOfCommonStock,ProceedsFromOtherEquity,ProceedsFromRelatedPartyDebt,RealizedInvestmentGainsLosses,RepaymentsOfShortTermDebt,RetainedEarningsAccumulatedDeficit,Revenues,SaleOfStockPricePerShare,SellingGeneralAndAdministrativeExpense,ShareBasedCompensation,ShortTermLeaseCost,StockholdersEquity,StockIssued1,StockIssuedDuringPeriodSharesIssuedForCash,StockIssuedDuringPeriodSharesPurchaseOfAssets,StockIssuedDuringPeriodValueIssuedForCash,StockIssuedDuringPeriodValueIssuedForServices,StockIssuedDuringPeriodValueNewIssues,StockIssuedDuringPeriodValuePurchaseOfAssets,StockIssuedDuringPeriodValueRestrictedStockAwardGross,StockRedeemedOrCalledDuringPeriodShares,StockRedeemedOrCalledDuringPeriodValue,StockRepurchasedDuringPeriodValue,UndistributedEarnings,UnsecuredDebt,VariableLeaseCost,WeightedAverageNumberOfDilutedSharesOutstanding,WeightedAverageNumberOfShareOutstandingBasicAndDiluted,WeightedAverageNumberOfSharesOutstandingBasic,CurrentFederalTaxExpenseBenefit,CurrentStateAndLocalTaxExpenseBenefit,DeferredFederalIncomeTaxExpenseBenefit,DeferredStateAndLocalIncomeTaxExpenseBenefit,DeferredTaxAssetsOperatingLossCarryforwards,DeferredTaxLiabilitiesOther,DeferredTaxLiabilitiesUnrealizedGainsOnTradingSecurities,DefinedContributionPlanCostRecognized,DefinedContributionPlanEmployerMatchingContributionPercent,DefinedContributionPlanEmployerMatchingContributionPercentOfMatch,FairValueMeasurementWithUnobservableInputsReconciliationRecurringBasisAssetTransfersIntoLevel3,FairValueMeasurementWithUnobservableInputsReconciliationRecurringBasisAssetTransfersOutOfLevel3,IncomeTaxesPaidNet,IncomeTaxReconciliationChangeInDeferredTaxAssetsValuationAllowance,IncomeTaxReconciliationIncomeTaxExpenseBenefitAtFederalStatutoryIncomeTaxRate,IncomeTaxReconciliationOtherAdjustments,StockIssuedDuringPeriodSharesNewIssues,StockIssuedDuringPeriodValueShareBasedCompensation,StockRepurchaseProgramNumberOfSharesAuthorizedToBeRepurchased
2008-12-31,2009-03-27,10-K,"MILL CITY VENTURES III,Â LTD.",MCVT,CIK0001425355,USD,,,,,,,,,,,,,,,,,,,,,,,,,,,,,,,,,,,,,,,,,,,,,,,,,,,,,,,,,,,,,,,,,,,,,,,,,,,,,,,,,,,,,,-282719.0,,,,,,,,,,,,,,,,,,,,,,,,,,,,,,,,,,,,,165212.0,,,,,,,,,,,,,,,,,,,,,,,,,,,,,,,,,,,,
2009-12-31,2010-02-26,10-K,"MILL CITY VENTURES III,Â LTD.",MCVT,CIK0001425355,USD,,,,,,,,,,,,5464.0,,,,,,,,,,,,,,,,,,,,,,,,,,,,,,,,,,,,,,,,,,,,,,,,,,,,,,,,,,,,,,,,,,,,,,,,,,-167409.0,,,,,,,,,,,,,,,,,,,,,,,,,,,,,,,,,,,,,-37989.0,,,,,,,,,,91667.0,,,,,,,,,,,,,,,,,,,,,,,,,,
2010-06-30,2010-08-09,10-Q,"MILL CITY VENTURES III,Â LTD.",MCVT,CIK0001425355,USD,,,,,,,,,,,,2181.0,,,,,,,,,,,,,,2098.0,,,,,,,,,,0.0,,,,,,,,-1498.0,,,,,,,,,,,2199.0,,,,,,,,,,,,,,,,,,,,,,,,,,,,,,,-28648.0,,,,,,-2199.0,,,,,,,-26449.0,,,,,,,,,,,,,,,,,,,600.0,,24951.0,,,,,,,,,,,,,,,,,,,,,,,,,,,,,,,,,,,,,,,
2010-09-30,2010-11-03,10-Q,"MILL CITY VENTURES III,Â LTD.",MCVT,CIK0001425355,USD,,,,,,,,,,,,4606.0,,,,,,,,,,,,,,2098.0,,,,,,,,,,0.0,,,,,,,,-1498.0,,,,,,,,,,,2624.0,,,,,,,,,,,,,,,,,,,,,,,,,,,,,,,-27324.0,,,,,,-2624.0,,,,,,,-24700.0,,,,,,,,,,,,,,,,,,,600.0,,23202.0,,,,,,,,,,,,,,,,,,,,,,,,,,,,,,,,,,,,,,,
2010-12-31,2011-03-04,10-K,"MILL CITY VENTURES III,Â LTD.",MCVT,CIK0001425355,USD,8823.0,,,270.0,,714332.0,7582.0,4379.0,3081.0,3081.0,,3081.0,,,,,-2383.0,,,0.001,250000000.0,11008224.0,11008224.0,,11008.0,12111.0,,,,,,,841379.0,,,-0.01,,,,,,,,-9111.0,,-4623.0,,-975.0,,9154.0,,,,150.0,9154.0,4027.0,,,,,,,,,,,,,,,,,,,,,,119120.0,3081.0,107920.0,11200.0,,60000.0,,-62383.0,-148550.0,,,,,,-9154.0,,94800.0,11200.0,,,,-139396.0,,,,,,,,,,,,,,,60000.0,,,,3000.0,,130285.0,60000.0,,-116039.0,,,,,,,,,,,,,,,,,,,,,,,,,,,,,,,,,,,,
2011-03-31,2011-05-13,10-Q,"MILL CITY VENTURES III,Â LTD.",MCVT,CIK0001425355,USD,,,,,,,,,,,,13854.0,,,,,10773.0,,,,,,,,,,,,,,,,,,,0.0,,,,,,,,,,-5943.0,,,,3823.0,,,,,3823.0,,,,,,,,,,,,,,,,,,,,,,,,,,,,40000.0,,-29227.0,-39107.0,,,,,,-3823.0,,,,,,,-35284.0,,,,,,,,,,,,,,,40000.0,,,,,,35284.0,12000.0,,,,,,,,,,,,,,,,,,,,,,,,,,,,,,,,,,,,,,
2011-06-30,2011-08-10,10-Q,"MILL CITY VENTURES III,Â LTD.",MCVT,CIK0001425355,USD,8885.0,,,270.0,,738208.0,,,2964.0,2964.0,,2964.0,,,,,,,,0.001,250000000.0,11132224.0,11132224.0,,11132.0,0.0,,,,,,,913844.0,,,0.0,,,,,,,,0.0,,,,,,,,,,,4463.0,6169.0,,,,,,,,,,,,0.0,,,,,,,,,,167468.0,2964.0,143724.0,23744.0,,,,,-33358.0,,,,,,-4463.0,,128400.0,23744.0,,,,-28895.0,,,,,,,,,,,,,,,,,,,0.0,,28895.0,,,-164504.0,,,,,,,,,,,,,,,,11032224.0,,,,,,,,,,,,,,,,,,,,
2011-09-30,2011-11-09,10-Q,"MILL CITY VENTURES III,Â LTD.",MCVT,CIK0001425355,USD,7910.0,,,270.0,,750160.0,,,10036.0,10036.0,,10036.0,,,,,,,,0.001,250000000.0,11180224.0,11180224.0,,11180.0,,,,,,,,942986.0,,,-0.03,,,,,,,,,,,,,,,,,,,5190.0,,,,,,,,,,,,,,,,,,,,,,,191682.0,10036.0,191682.0,,,,,,-29142.0,,,,,,-5190.0,,183502.0,,,,,-23952.0,,,,,,,,,,,,,,,,,,,,,23952.0,,,-181646.0,,,,,,,,,,,,,,,,1012020.0,,,,,,,,,,,,,,,,,,,,
2011-12-31,2012-02-29,10-K,"MILL CITY VENTURES III,Â LTD.",MCVT,CIK0001425355,USD,3075.0,,,619.0,,772296.0,,,22817.0,22817.0,,22817.0,,,,,19736.0,,,0.001,250000000.0,1043657.0,1043657.0,,1044.0,,,,,,,,968226.0,,,-0.01,,,,,,,,,,-5748.0,,,,18982.0,,,,349.0,18982.0,334.0,,,,,,,,,,,,,,,,,,,,,,217703.0,22817.0,217703.0,0.0,,85000.0,,-65264.0,-126847.0,,,,,,-18982.0,,213675.0,0.0,,,,-107865.0,,,,,,,,,,,,,,,85000.0,,,,,,107865.0,48000.0,,-194886.0,,,,,,,,,,,,,,,,,,,,,,,,,,,,,,,,,,,,
2012-03-31,2012-05-14,10-Q,"MILL CITY VENTURES III,Â LTD.",MCVT,CIK0001425355,USD,14370.0,,,619.0,,773740.0,,,3253.0,3253.0,,3253.0,,,,,-19564.0,,,0.001,250000000.0,11600224.0,11600224.0,,11600.0,,,,,,,,1017495.0,,,0.0,,,,,,,,,,11295.0,,,,6410.0,,,,,6410.0,6076.0,,,,,,,,,,,,,,,,,,,,,,235408.0,3253.0,223601.0,11807.0,,,,-19564.0,-49269.0,,,,,,-6410.0,,202536.0,11807.0,,,,-42859.0,,,,,,,,,,,,,,,,,,,,,42859.0,12000.0,,-232155.0,,,,,,,,,,,,,,,,,,,,,,,,,,,,,,,,,,,,
2012-06-30,2012-08-14,10-Q,"MILL CITY VENTURES III,Â LTD.",MCVT,CIK0001425355,USD,10532.0,,,619.0,,785540.0,,,15647.0,15647.0,,15647.0,,,,,,,,0.001,250000000.0,11800224.0,11800224.0,,11800.0,0.0,,0.12,,,,,1044943.0,,,0.0,,,,,,,,0.0,,,,,,,,,,,6680.0,604.0,,,,,,,,,,,,0.0,,,,,,,,,,263250.0,15647.0,11755.0,251495.0,,,,,-27448.0,,,,,,-6680.0,,0.0,251495.0,,,,-20768.0,,,,,,984000.0,,,,,,,,,,,,,0.0,,20768.0,,,-247603.0,,,,,,,,,,,,,25000.0,,,11600224.0,,,,,,,,,,,,,,,,,,,,
2012-09-30,2012-11-14,10-Q,"MILL CITY VENTURES III,Â LTD.",MCVT,CIK0001425355,USD,36261.0,,,619.0,,808249.0,,,88.0,,,88.0,,,,,,,,0.001,250000000.0,1090930.0,1090930.0,,1091.0,,,,,,,,1105776.0,,,-0.06,,,,,,,,,,,,,,,,,,,7545.0,8149.0,,,,,,,,,,,,,,,,,,,,,,296524.0,88.0,45029.0,251495.0,,,,,-60833.0,,,,,,-7545.0,,,251495.0,,,,-53288.0,,,,,,1038000.0,,,,,,,,,,,,,,,53288.0,,,-296436.0,,,,,,,,,,,,,,,,1072748.0,,,,,,,,,,,,,,,,,,,,
2016-12-31,2017-03-28,10-K,"MILL CITY VENTURES III,Â LTD.",MCVT,CIK0001425355,USD,,,,,,,,,,,,,,,,,,,,,,,,,,,,,,,,,,,,,,,,,,,,,,,,,,,,,,,,,,,,,,,,,,,,,,,,,,,,,,,,,,0.77,,,,,,,,,,,,,,,,,,,,,,,,,,,,,,,,,,,,,,,,,,,,,,,,,,,,,,,,,,,,,,,,,,,,,,,,,,,,,
2017-06-30,2017-08-11,10-Q,"MILL CITY VENTURES III,Â LTD.",MCVT,CIK0001425355,USD,,,,,,,,,,,9555551.0,,,,,,,,,,,,12151493.0,,,,,,,,,,,,,,,,,,,,,,,,,,,,,,,,,,,,,,,,,,,,,,,,,,,,,,,,,,,0.79,,,,,,,,,,,,,,,,,,,,,,,,,,,,,,,,,,,,,,,,,,,,,,,,,,,,,,,,,,,,,,,,,,,,,,,,,,,,,
2017-09-30,2017-11-14,10-Q,"MILL CITY VENTURES III,Â LTD.",MCVT,CIK0001425355,USD,,,,,,,,,,,9629215.0,,,,,,,,,,,,11067402.0,,,,,,,,,,,,,,,,,,,,,,,,,,,,,,,,,,,,,,,,,,,,,,,,,,,,,,,,,,,0.87,,,,,,,,,,,,,,,,,,,,,,,,,,,,,,,,,,,,,,,,,,,,,,,,,,,,,,,,,,,,,,,,,,,,,,,,,,,,,
2017-12-31,2018-03-30,10-K,"MILL CITY VENTURES III,Â LTD.",MCVT,CIK0001425355,USD,,,,,,,,,,,,,,,,,,,,,,,,,,,,,,,,,,,,,,,,,,,,,,,,,,,,,,,,,,,,,,,,,,,,,,,,,,,,,,,,,,0.87,,,,,,,,,,,,,,,,,,,,,,,,,,,,,,,,,,,,,,,,,,,,,,,,,,,,,,,,,,,,,,,,,,,,,,,,,,,,,
2018-06-30,2018-08-10,10-Q,"MILL CITY VENTURES III,Â LTD.",MCVT,CIK0001425355,USD,,,,,,,,,,,11278889.0,,,,,,,,,,,,11067402.0,,,,,,,,,,,,,,,,,,,,,,,,,,,,,,,,,,,,,,,,,,,,,,,,,,,,,,,,,,,0.94,,,,,,,,,,,,,,,,,,,,,,,,,,,,,,,,,,,,,,,,,,,,,,,,,,,,,,,,,,,,,,,,,,,,,,,,,,,,,
2018-09-30,2018-11-14,10-Q,"MILL CITY VENTURES III,Â LTD.",MCVT,CIK0001425355,USD,,,,,,,,,,,11278889.0,,,,,,,,,,,,11067402.0,,,,,,,,,,,,,,,,,,,,,,,,,,,,,,,,,,,,,,,,,,,,,,,,,,,,,,,,,,,1.02,,,,,,,,,,,,,,,,,,,,,,,,,,,,,,,,,,,,,,,,,,,,,,,,,,,,,,,,,,,,,,,,,,,,,,,,,,,,,
2018-12-31,2019-06-19,10-K,"MILL CITY VENTURES III,Â LTD.",MCVT,CIK0001425355,USD,,,,,,,,,,,,,,,,,,,,,,,,,,,,,,,,,,,,,,,,,,,,,,,,,,,,,,,,,,,,,,,,,,,,,,,,,,,,,,,,,,1.02,,,,,,,,,,,,,,,,,,,,,,,,,,,,,,,,,,,,,,,,,,,,,,,,,,,,,,,,,,,,,,,,,,,,,,,,,,,,,
2019-06-30,2019-08-21,10-Q,"MILL CITY VENTURES III,Â LTD.",MCVT,CIK0001425355,USD,,,,,,,,,,,10588689.0,,,,,,,,,,,,11067402.0,,,,,,,,,,,,,,,,,,,,,,,,,,,,,,,,,,,,,,,,,,,,,,,,,,,,,,,,,,,0.96,,,,,,,,,,,,,,,,,,,,,,,,,,,,,,,,,,,,,,,,,,,,,,,,,,,,,,,,,,,,,,,,,,,,,,,,,,,,,
2019-09-30,2019-11-14,10-Q,"MILL CITY VENTURES III,Â LTD.",MCVT,CIK0001425355,USD,,,,,,,,,,,10068533.0,,,,,,,,,,,,11067402.0,,,,,,,,,,,,,,,,,,,,,,,,,,,,,,,,,,,,,,,,,,,,,,,,,,,,,,,,,,,0.91,,,,,,,,,,,,,,,,,,,,,,,,,,,,,,,,,,,,,,,,,,,,,,,,,,,,,,,,,,,,,,,,,,,,,,,,,,,,,
2019-12-31,2020-03-30,10-K,"MILL CITY VENTURES III,Â LTD.",MCVT,CIK0001425355,USD,,,,,,,,,,,,,,,8066656.0,,,,,,,,,,,,,,,,,,,,,,,,,,,,,,,,,,,,,,,,,,,,,,,,,,,,,,,,,,,,,,,,,,,0.91,,,,,,,,,,,,,,,,,,,,,,,,,,,,,,,,,,,,,,,,,10068533.0,,,,,,,,,,,,,,,,,,,,,,,,,,,,,,,,,,,,
2020-03-31,2020-05-15,10-Q,"MILL CITY VENTURES III,Â LTD.",MCVT,CIK0001425355,USD,,,,,,,,,,,,,,,,,,,,,,,,,,,,,,,,,,,,,,,,,,,,,,,,,,,,,,,,,,,,,,,,,,,,,,,,,,,,,,,,,,,,,,,,,,,,,,,,,,,,,,,,,,,,,,,,,,,,,,,,,,,9786615.0,,,,,,,,,,,,,,,,,,,,,,,,,,,,,,,,,,,,
2020-06-30,2020-07-31,10-Q,"MILL CITY VENTURES III,Â LTD.",MCVT,CIK0001425355,USD,,,,,,,,,,,10221718.0,,,,4450990.0,,,,,,,,10696735.0,,,,,,,,,644.0,,,0.05,0.05,0.05,0.0,,,16569.0,20668.0,283456.0,,0.0,,,,,,,,,,,,,,,,,,,,523824.0,,7031.0,276425.0,,,,58080.0,,,,,,,,,,0.96,,,,,69546.0,,,,22500.0,,,,,,16569.0,213910.0,,,,,,,,4920.0,,,,,,,,,175222.0,,,,,,,,10221718.0,,,,,,,,,,,158267.0,69546.0,,,10882039.0,10882039.0,10882039.0,,,,,,,,,,,,,,,,,,,
2020-09-30,2020-10-30,10-Q,"MILL CITY VENTURES III,Â LTD.",MCVT,CIK0001425355,USD,,,,,,,,,,,10805062.0,,,,2120389.0,,,,,,,,10696735.0,,,,,,,,,643.0,,,0.05,,0.05,0.0,,,16562.0,20672.0,287034.0,,0.0,,,,,,,,,,,,,,,,,,,,477256.0,,1696.0,285338.0,,,,58191.0,,,,,,,,,,1.01,,,,,106088.0,,,,22500.0,,,,,,16562.0,180946.0,,,,,,,,3659.0,,,,,,,,,335440.0,,,,,,,,10805062.0,,,,,,,,,,,,106088.0,,,10696735.0,,10696735.0,,,,,,,,,,,,,,,,,,,
2020-12-31,2021-03-10,10-K,"MILL CITY VENTURES III,Â LTD.",MCVT,CIK0001425355,USD,32917.0,13722.0,13722.0,,10673014.0,,,,12510883.0,,11640887.0,,5440579.0,5440579.0,5440579.0,-2626077.0,,,,0.001,250000000.0,10785913.0,10785913.0,,10786.0,,,,271722.0,258000.0,258000.0,2071.0,,539296.0,0.2,,0.2,,,0.0,,85237.0,1297637.0,,288401.0,,-10993.0,,59411.0,,,-5197.0,,,,,1699321.0,2541850.0,-2124419.0,0.05,0.0716,0.18,0.05,0.0535,1940124.0,0.2308,15462.0,1282175.0,4968576.0,6667897.0,0.573,301494.0,66307.0,,,,,869996.0,12510883.0,,,1.08,-162920.0,,-2463157.0,,561847.0,,,,90000.0,,,,,250000.0,66307.0,735790.0,,19116.0,26061.0,,23345.0,0.045,1330000.0,15069.0,,162920.0,,,43838.0,,,,5330.0,,-1159665.0,,,,61000.0,29730.0,11640887.0,,,,,,,,,,,162920.0,273446.0,,17461.0,10869054.0,,10869054.0,,16679.0,258000.0,13722.0,180460.0,,488419.0,10550.0,,,0.0,0.0,16679.0,-446000.0,716966.0,-4222.0,,61000.0,
2021-03-31,2021-05-17,10-Q,"MILL CITY VENTURES III,Â LTD.",MCVT,CIK0001425355,USD,,,,,,,,,,,,,,,,,,,,,,,,,,,,,,,,,,,,,,,,,,,,,,,,,,,,,,,,,,,,,,,,,,,,,,,,,,,,,,,,,,,,,,,,,,,,,,,,,,,,,,,,,,,,,,,,,,,,,,,,,,,13391679.0,,,,,,,,,,,,,,,,,,,,,,,,,,,,,,,,,,,,
2021-06-30,2021-08-16,10-Q,"MILL CITY VENTURES III,Â LTD.",MCVT,CIK0001425355,USD,40687.0,920000.0,920000.0,,10694163.0,,,,15528248.0,,14188588.0,,1515005.0,1515005.0,1515005.0,,,,,0.001,250000000.0,10790413.0,10790413.0,,10790.0,,,,,363000.0,363000.0,,,,0.07,0.07,0.07,0.289,,,16337.0,27854.0,675549.0,,348587.0,,,,,,,,,,,,1269171.0,6071449.0,-2697320.0,,,,,,704700.0,,,675549.0,11864762.0,13133933.0,0.9256,85346.0,16337.0,16030.0,10581.0,5449.0,57.0,1339660.0,15528248.0,,,1.31,,,,,425393.0,,,,30000.0,,,,,250000.0,16337.0,250156.0,,4779.0,15973.0,15973.0,14279.0,,,13080.0,,,,,188838.0,,,,621600.0,,-1159665.0,,,,,7433.0,14188588.0,,,,,15403.0,,,,,,,76806.0,,4125.0,10790413.0,10790413.0,10790413.0,,,,,,,,,,,,,,,,,,,
2021-09-30,2021-11-12,10-Q,"MILL CITY VENTURES III,Â LTD.",MCVT,CIK0001425355,USD,27616.0,1141700.0,1141700.0,,10694163.0,,,,15571724.0,,13140835.0,,3594508.0,3594508.0,3594508.0,,,,,0.001,250000000.0,10790413.0,10790413.0,,10790.0,,,,,141000.0,141000.0,,,1079041.0,0.0,,0.0,0.289,,,16689.0,27890.0,755601.0,,-300.0,,,,,,,,,,,,495002.0,,-2181001.0,,,,,,-485031.0,,,755601.0,10562451.0,11057453.0,0.8413,80840.0,16689.0,10739.0,5290.0,5449.0,,2430889.0,15571724.0,,,1.22,,,,,516019.0,,,,30000.0,,,,,250000.0,16689.0,239582.0,,4779.0,10843.0,10843.0,9661.0,,,4213.0,,,,,128682.0,,,,289138.0,,-1159665.0,,,,,7432.0,13140835.0,,,,,,,,,,,,516319.0,,4478.0,10790413.0,,10790413.0,,,,,,,,,,,,,,,,,,,
2021-12-31,2022-03-14,10-K,"MILL CITY VENTURES III,Â LTD.",MCVT,CIK0001425355,USD,64028.0,1269000.0,,,10694163.0,,,,16697831.0,,13414049.0,,1936148.0,1936148.0,1936148.0,-3504431.0,,,,0.001,250000000.0,10790413.0,10790413.0,,10790.0,,,,-213000.0,45000.0,45000.0,,,100.0,0.26,,0.26,,,0.0,,108165.0,2656201.0,,1054698.0,,10804.0,,258439.0,,,21475.0,,,,,165618.0,,-1877667.0,0.1,0.103,0.24,0.12,0.0989,2584298.0,0.2407,,2656201.0,13933057.0,14098675.0,1.051,556432.0,66459.0,5449.0,5449.0,,,3283782.0,16697831.0,,,1.24,-1618337.0,,-1886094.0,,1301450.0,,,,120000.0,,,,,250000.0,66459.0,1354751.0,,19116.0,5654.0,5654.0,4984.0,0.045,,50255.0,,,1618337.0,,83674.0,,,,4118001.0,,-1159665.0,,,,,29730.0,13414049.0,5750.0,,,,21153.0,,,,,,,246752.0,,17613.0,10789294.0,,10789294.0,909530.0,357168.0,-212000.0,,,906.0,46552.0,11250.0,0.05,1.0,0.0,0.0,32398.0,,1017417.0,-1976.0,4500.0,,
