end,filed,form,Name,Ticker,CIK,Currency,AccountsPayableAndAccruedLiabilities,AccountsPayableAndAccruedLiabilitiesCurrent,AccountsPayableAndOtherAccruedLiabilities,AccountsPayableRelatedPartiesCurrent,AccumulatedAmortizationOfOtherDeferredCosts,AccumulatedDepreciationDepletionAndAmortizationPropertyPlantAndEquipment,AcquisitionCosts,AdditionalPaidInCapital,AdjustmentsToAdditionalPaidInCapitalStockIssuedOwnshareLendingArrangementIssuanceCosts,AdvanceRoyalties,AmortizationOfDebtDiscountPremium,AmortizationOfIntangibleAssets,AntidilutiveSecuritiesExcludedFromComputationOfEarningsPerShareAmount,AssetImpairmentCharges,Assets,AssetsCurrent,BusinessCombinationConsiderationTransferred1,BusinessCombinationStepAcquisitionEquityInterestInAcquireeFairValue1,CapitalUnitsAuthorized,Cash,CashAndCashEquivalentsAtCarryingValue,CashAndCashEquivalentsPeriodIncreaseDecrease,CashFDICInsuredAmount,ClassOfWarrantOrRightOutstanding,ClosedBlockOperationsResultsBeforeIncomeTaxes,CommonStockParOrStatedValuePerShare,CommonStockSharesAuthorized,CommonStockSharesIssued,CommonStockSharesOutstanding,CommonStockValue,ContractWithCustomerLiabilityCurrent,ConversionOfStockAmountIssued1,ConvertibleDebt,ConvertibleDebtCurrent,DebtInstrumentConvertibleConversionPrice1,DebtInstrumentDecreaseForgiveness,DebtInstrumentInterestRateEffectivePercentage,DebtInstrumentUnamortizedDiscount,DebtInstrumentUnamortizedDiscountCurrent,DeferredFederalIncomeTaxExpenseBenefit,DeferredTaxAssetsOperatingLossCarryforwards,DeferredTaxAssetsOperatingLossCarryforwardsDomestic,DeferredTaxAssetsTaxDeferredExpenseReservesAndAccrualsImpairmentLosses,DeferredTaxAssetsValuationAllowance,DepositsAssetsCurrent,Depreciation,DepreciationAndAmortization,DevelopmentStageEnterpriseDeficitAccumulatedDuringDevelopmentStage,DueFromRelatedPartiesCurrent,EarningsPerShareBasicAndDiluted,ExplorationExpense,FiniteLivedIntangibleAssetsAccumulatedAmortization,FiniteLivedIntangibleAssetsAmortizationExpenseNextRollingTwelveMonths,FiniteLivedIntangibleAssetsAmortizationExpenseRollingAfterYearFive,FiniteLivedIntangibleAssetsAmortizationExpenseRollingYearFive,FiniteLivedIntangibleAssetsAmortizationExpenseRollingYearFour,FiniteLivedIntangibleAssetsAmortizationExpenseRollingYearThree,FiniteLivedIntangibleAssetsAmortizationExpenseRollingYearTwo,FiniteLivedIntangibleAssetsGross,FiniteLivedIntangibleAssetsNet,GainsLossesOnExtinguishmentOfDebt,GeneralAndAdministrativeExpense,ImpairmentOfIntangibleAssetsExcludingGoodwill,ImpairmentOfInvestments,IncomeLossFromContinuingOperations,IncomeLossFromContinuingOperationsBeforeIncomeTaxesExtraordinaryItemsNoncontrollingInterest,IncomeLossFromContinuingOperationsPerBasicAndDilutedShare,IncomeLossFromDiscontinuedOperationsNetOfTax,IncomeLossFromOperationsBeforeExtraordinaryItemsPerBasicAndDilutedShare,IncreaseDecreaseInAccountsPayable,IncreaseDecreaseInAccountsPayableAndAccruedLiabilities,IncreaseDecreaseInAccountsPayableRelatedParties,IncreaseDecreaseInDeferredRevenue,IncreaseDecreaseInDepositOtherAssets,IncreaseDecreaseInDeposits,IncreaseDecreaseInDueFromRelatedParties,IncreaseDecreaseInDueToRelatedParties,IncreaseDecreaseInNotesReceivableCurrent,IncreaseDecreaseInOperatingLiabilities,IncreaseDecreaseInOtherNoncurrentAssets,IncreaseDecreaseInOtherOperatingAssets,IncreaseDecreaseInPrepaidExpense,InterestAndOtherIncome,InterestExpense,InterestIncomeExpenseNet,InterestIncomeOperating,InterestIncomeOther,InterestPaid,Investments,IssuanceOfStockAndWarrantsForServicesOrClaims,Liabilities,LiabilitiesAndStockholdersEquity,LiabilitiesCurrent,LongTermDebt,LongTermDebtCurrent,MineralPropertiesAccumulatedImpairment,MineralRights,NetCashProvidedByUsedInFinancingActivities,NetCashProvidedByUsedInInvestingActivities,NetCashProvidedByUsedInOperatingActivities,NetIncomeLoss,NetIncomeLossAllocatedToGeneralPartners,NotesPayable,OperatingExpenses,OperatingIncomeLoss,OtherAssets,OtherExpenses,OtherIncome,OtherLiabilities,OtherNoncashIncomeExpense,OtherNotesPayable,OtherOperatingIncomeExpenseNet,OwnshareLendingArrangementSharesIssued,PaymentsOfStockIssuanceCosts,PaymentsToAcquirePropertyPlantAndEquipment,PreferredStockLiquidationPreference,PreferredStockParOrStatedValuePerShare,PreferredStockSharesAuthorized,PreferredStockSharesIssued,PreferredStockSharesOutstanding,PreferredStockValue,PrepaidExpense,PresentValueOfFutureInsuranceProfitsAmortizationExpenseYearFive,PresentValueOfFutureInsuranceProfitsAmortizationExpenseYearFour,PresentValueOfFutureInsuranceProfitsAmortizationExpenseYearOne,PresentValueOfFutureInsuranceProfitsAmortizationExpenseYearThree,PresentValueOfFutureInsuranceProfitsAmortizationExpenseYearTwo,ProceedsFromConvertibleDebt,ProceedsFromIssuanceOfPrivatePlacement,ProceedsFromNotesPayable,ProceedsFromRelatedPartyDebt,ProfessionalFees,ProfitLoss,PropertyPlantAndEquipmentGross,PropertyPlantAndEquipmentNet,RelatedPartyDepositLiabilities,RelatedPartyTransactionExpensesFromTransactionsWithRelatedParty,RetainedEarningsAccumulatedDeficit,Revenues,RoyaltyExpense,ShareBasedCompensation,StockholdersEquity,StockIssued1,StockIssuedDuringPeriodSharesAcquisitions,StockIssuedDuringPeriodSharesNewIssues,StockIssuedDuringPeriodSharesOther,StockIssuedDuringPeriodValueAcquisitions,StockIssuedDuringPeriodValueConversionOfConvertibleSecurities,StockIssuedDuringPeriodValueIssuedForCash,StockIssuedDuringPeriodValueIssuedForServices,StockIssuedDuringPeriodValueNewIssues,StockIssuedDuringPeriodValueOther,TemporaryEquityRedemptionValue,TemporaryEquitySharesAuthorized,UnrecognizedTaxBenefitsThatWouldImpactEffectiveTaxRate,ValuationAllowanceDeferredTaxAssetChangeInAmount,WeightedAverageNumberOfShareOutstandingBasicAndDiluted,WeightedAverageNumberOfSharesIssuedBasic,WeightedAverageNumberOfSharesOutstandingBasic,WeightedAverageNumberOfSharesOutstandingBasicAndDiluted
2007-12-31,2008-04-14,10-K,"XTREME FIGHTING CHAMPIONSHIPS, INC.",XFCI,CIK0001379043,USD,,,,,,,,,,,,,,,,,,,,,,,,,,,,,12180000.0,,,,,,,,,,,,,,,,,,,,,,,,,,,,,,,,,,,40000.0,,,,,,,,,,,,,,,,,,,,,,,,,,,,,,,,,,,,,,-69547.0,,,,,,,,,,-69547.0,,,,,,,,,,,,,,,,,,,,,-69547.0,,,,,,,,,449749.0,,,775000.0,,,,,,304000.0,6000.0,310000.0,,,,,,,
2008-12-31,2009-03-30,10-K,"XTREME FIGHTING CHAMPIONSHIPS, INC.",XFCI,CIK0001379043,USD,,,,,,,,,,,,,,,,,,,,,,,,,,,,,12180000.0,,,,,,,,,,,,,,,,,,,,,,,,,,,,,,,,,,,,,,,,,,,,,,,,,,,,,,,,,,,,,,,,,,,,,,,,,-67877.0,,,,,,,,,,-67877.0,,,,,,,,,,,,,,,,,,,,,-67877.0,,,,,,,,,381872.0,,,,,,,,,,,,,,,,,,
2009-12-31,2010-03-30,10-K,"XTREME FIGHTING CHAMPIONSHIPS, INC.",XFCI,CIK0001379043,USD,,,,,,,,,,,,,,,,,,,,,276383.0,,,,,,,,12180000.0,,,,,,,,,,,,,,,,,,,,,,,,,,,,,,,,,,,,,,,,,,,,,,,,,,,,,,,,,,,,,,,,,,,,,,,,,-98489.0,,,,,,,,,,-98489.0,,,,,,,,,,,,,,,,,,,,,-98489.0,,,,,,,,,283383.0,,,,,,,,,,,,,,,,,,
2010-06-30,2010-08-03,10-Q,"XTREME FIGHTING CHAMPIONSHIPS, INC.",XFCI,CIK0001379043,USD,,,,,,,,,,,,,,,,,,,,,254131.0,,,,,,,,,,,,,,,,,,,,,,,,,,,,,,,,,,,,,,,,,14235.0,,,-14235.0,-13915.0,,,,,,,,,,,,,,,,,320.0,,,320.0,,,,,,,,,,,,,,,-13915.0,,,14235.0,,,,,,,,,,,,,,,,,,,,,,,,,,,,,,,,,,,,,,,,,,,,,,,,,,,,,,,,12180000.0
2010-09-30,2010-11-12,10-Q,"XTREME FIGHTING CHAMPIONSHIPS, INC.",XFCI,CIK0001379043,USD,,,,,,,,,,,,,,,,,,,,,240821.0,,,,,,,,,,,,,,,,,,,,,,,,,,,,,,,,,,,,,,,,,17619.0,,,-17619.0,-17310.0,0.0,,,,,,,,,,,,,,,,309.0,,,309.0,,,,,,,,,,,,,,,,,,17619.0,,,,,,,,,,,,,,,,,,7000.0,,,,,,,,,,,-17310.0,,,,,,,,,,,,,,,,,,,,,,,,,,,12180000.0
2010-12-31,2011-03-29,10-K,"XTREME FIGHTING CHAMPIONSHIPS, INC.",XFCI,CIK0001379043,USD,,7004.0,,,,,,519820.0,,,,,,,233695.0,233695.0,,,,,228195.0,-48188.0,,,,,,,12180000.0,12180.0,,,,,,,,,,,,,,,,,,-305309.0,,,,,,,,,,,,,,57957.0,,,-57957.0,-56692.0,,,,,7004.0,,,,,,,,,,,1500.0,1265.0,,,1265.0,,,,,7004.0,233695.0,7004.0,,,,,,,-48188.0,-56692.0,-56692.0,,57957.0,,,,,,,,-56692.0,,,,,,,,,,5500.0,,,,,,,,,,,-56692.0,,,,,-56692.0,,,,226691.0,,,,,,,,,,,,,,,,,,12180000.0
2011-03-31,2011-05-12,10-Q,"XTREME FIGHTING CHAMPIONSHIPS, INC.",XFCI,CIK0001379043,USD,-5919.0,6665.0,,,,,,519820.0,,,,,,,170313.0,150313.0,,,,,215200.0,-12995.0,,,,,,,,12180.0,,,,,,,,,,,,,,,,,,-368352.0,,,,,,,,,,,,,,12784.0,,,-12784.0,-12576.0,,,,,,,,,,,,,,,,,208.0,,,208.0,,,,,6665.0,170313.0,,,,,20000.0,,,-12995.0,-12576.0,,,12784.0,,,,,,,,,,,,,,,,,,5500.0,,,,,,,,,,,-12576.0,,,,,,,,,163648.0,,,,,,,,,,,,,,,,,12180000.0,
2011-06-30,2011-08-15,10-Q,"XTREME FIGHTING CHAMPIONSHIPS, INC.",XFCI,CIK0001379043,USD,-7004.0,,,,,,,519820.0,,,,,,,199593.0,199593.0,,,,,199593.0,,,,,,,,,12180.0,,,,,,,,,,,,,,,,,,-332407.0,,,,,,,,,,,,,,14680.0,,,-14680.0,-14522.0,0.0,,,,,,,,,,,,,,,,158.0,,,158.0,158.0,,,,,199593.0,,,,,,,,,-14522.0,,,14680.0,,,,,,,,,,,,,,,,,,5500.0,,,,,,,,,,,,,,,,,,,,199593.0,,,,,,,,,,,,,,,,,12180000.0,
2011-09-30,2011-11-09,10-Q,"XTREME FIGHTING CHAMPIONSHIPS, INC.",XFCI,CIK0001379043,USD,-6764.0,240.0,,,,,,519820.0,,,,,,,192506.0,192506.0,,,,,192506.0,,,,,,,,,12180.0,,,,,,,,,,,,,,,,,,-339734.0,,,,,,,,,,,,,,7489.0,,,-7489.0,-7327.0,0.0,,,,,,,,,,,,,,,,162.0,,,162.0,,,,,240.0,192506.0,240.0,,,,,,,,-7327.0,,,7489.0,,,,,,,,,,,,,,,,,,5500.0,,,,,,,,,,,-7327.0,,,,,,,,,192266.0,,,,,,,,,,,,,,,,,,12180000.0
2011-12-31,2012-03-21,10-K,"XTREME FIGHTING CHAMPIONSHIPS, INC.",XFCI,CIK0001379043,USD,,280.0,,,,,,519820.0,,20000.0,,,,,184738.0,164738.0,,,,164738.0,164738.0,-63457.0,,,,,,,12180000.0,12180.0,,,,,,,,,,,,,,,,,,-347542.0,,0.0,,,,,,,,,,,,42871.0,,,-42871.0,-42233.0,,,,,-6724.0,,,,,,,,,-20000.0,,5500.0,638.0,,,638.0,,,-20000.0,,280.0,184738.0,280.0,,,,20000.0,,-20000.0,-43457.0,-42233.0,-42233.0,,42871.0,,20000.0,,,,,,-42233.0,,,,,,,,,,,,,,,,,,,,,-42233.0,,,,,-347542.0,,,,184458.0,,,,,,,,,,,,,,,,12180000.0,,
2012-03-31,2012-05-14,10-Q,"XTREME FIGHTING CHAMPIONSHIPS, INC.",XFCI,CIK0001379043,USD,6665.0,,,,,,,,,,,,,,,,,,,,150313.0,-14425.0,,,,,,,,,,,,,,,,,,,,,,,,,,,,,,,,,,,,,,,,20906.0,,,-20906.0,-20810.0,0.0,,,,6385.0,,,,,,,,,,,,96.0,,,96.0,,,,,,,,,,,,,,-14425.0,-20810.0,,,20906.0,,,,,,,,,,,,,,,,,,,,,,,,,,,,,-20810.0,,,,,,,,,,,,,,,,,,,,,,,,,,12180000.0,
2012-06-30,2012-08-14,10-Q,"XTREME FIGHTING CHAMPIONSHIPS, INC.",XFCI,CIK0001379043,USD,,,,,,,,519820.0,,,,,,,156277.0,136277.0,,,,,136277.0,,,775000.0,,,,,,12180.0,,,,,,,,,,,,,,,,,,-375723.0,,,,,,,,,,,,,,7554.0,,,-7554.0,-7370.0,0.0,,0.0,,,,,,,,,,,,,,184.0,,,184.0,184.0,,,,,156277.0,,,,,20000.0,,,,-7370.0,,,7554.0,,,,,,,,,,,,,,,,,,,,,,,,,,,,,,,,,,,,,,156277.0,,,,,,,,,,,,,,,,,12180000.0,
2012-09-30,2012-11-14,10-Q,"XTREME FIGHTING CHAMPIONSHIPS, INC.",XFCI,CIK0001379043,USD,-280.0,,,,,,,519820.0,,,,,,,117552.0,92735.0,,,,,92735.0,,,,,,,,,12180.0,,,,,,,,,,,,,,,,,,-414448.0,,0.0,28765.0,,,,,,,,,,,10025.0,,,-38790.0,-38725.0,0.0,,,,,,,,,,,,,,,,65.0,,,65.0,,,,,,117552.0,,,,,24817.0,,,,-38725.0,,,38790.0,,24817.0,,,,,,,,,,,,,,,,,,,,,,,,,,,,,,,,,,,,117552.0,,,,,,,,,,,,,,,,,12180000.0,12180000.0
2012-12-31,2013-03-29,10-K,"XTREME FIGHTING CHAMPIONSHIPS, INC.",XFCI,CIK0001379043,USD,,280.0,,,,,,519820.0,,20000.0,,,,,79761.0,54189.0,,,76000000.0,54189.0,54189.0,-110549.0,,,-104697.0,,,,12180000.0,12180.0,,,,,,,,,,,,,,,,,,-452239.0,,-0.01,64043.0,,,,,,,,,,,40937.0,,,-104980.0,-104697.0,,,,,-280.0,,,,,,,,,-5572.0,,,283.0,,,283.0,,,,,280.0,79761.0,280.0,,,,25572.0,,-5572.0,-104977.0,-104697.0,-104697.0,,104980.0,,25572.0,,,,,,-104697.0,,,,,,,,,,,,,,,,,,,,,-104697.0,,,,,,,2500.0,,79761.0,,,,,,,,,,,,,,,,12180000.0,,
2013-03-31,2013-05-14,10-Q,"XTREME FIGHTING CHAMPIONSHIPS, INC.",XFCI,CIK0001379043,USD,,,,,,,,519820.0,,,,,,,71100.0,45528.0,,,76000000.0,,45528.0,-8661.0,,,,,,,,12180.0,,,,,,,,,,,,,,,,,,-460900.0,,,356.0,,,,,,,,,,,8322.0,,,-8678.0,-8661.0,0.0,-8661.0,,,,,,,,,,,,,,,17.0,,17.0,17.0,,,,,,71100.0,,,,,25572.0,,,-8661.0,-8661.0,,,8678.0,,25572.0,,,,17.0,,,,,,,,,,,,,,,,,,,,,,,-8661.0,,,,,,,,,71100.0,,,,,,,,,,,,,,,,,12180000.0,
2013-06-30,2013-08-14,10-Q,"XTREME FIGHTING CHAMPIONSHIPS, INC.",XFCI,CIK0001379043,USD,,,,,,,,519820.0,,,,,,,59729.0,34157.0,,,,,34157.0,,,,,,,,,12180.0,,,,,,,,,,,,,,,,,,-472271.0,,,,,,,,,,,,,,11382.0,,,-11382.0,-11371.0,0.0,-11371.0,0.0,,,,,,,,,,,,,,11.0,,11.0,11.0,,,,,,59729.0,,,,,25572.0,,,,-11371.0,,,11382.0,,25572.0,,,,11.0,,,,,,,,,,,,,,,,,,,,,,,,,,,,,,,,59729.0,,,,,,,,,,,,,,,,,12180000.0,
2013-09-30,2013-11-13,10-Q,"XTREME FIGHTING CHAMPIONSHIPS, INC.",XFCI,CIK0001379043,USD,,,,,,,,519820.0,,,,,,,52638.0,22681.0,,,,,22681.0,,,,,,,,,12180.0,,,,,,,,,,,,,,,,,,-479362.0,,0.0,,,,,,,,,,,,7098.0,,,-7098.0,-7091.0,0.0,-7091.0,,,,,,,,,,,,,,,7.0,,7.0,7.0,,,,,,52638.0,,,,,29957.0,,,,-7091.0,,,7098.0,,29957.0,,,,7.0,,,,,,,,,,,,,,,,,,,,,,,,,,,,,,,,52638.0,,,,,,,,,,,,,,,,,12180000.0,
2013-12-31,2014-03-31,10-K,"XTREME FIGHTING CHAMPIONSHIPS, INC.",XFCI,CIK0001379043,USD,,,,,,,,519820.0,,20000.0,,,,29958.0,89406.0,9406.0,,,,9406.0,9406.0,-44783.0,,,-70355.0,0.001,76000000.0,12180000.0,12180000.0,12180.0,,,,,,,,,,-14139.0,,158423.0,14000.0,172423.0,,,,-522594.0,,-0.01,356.0,,,,,,,,,,,40080.0,29958.0,,-70394.0,,,,,,,,,,,,,,,4386.0,,,39.0,,,39.0,,,,,80000.0,89406.0,80000.0,,,,80000.0,,-4386.0,-40397.0,-70355.0,-70355.0,80000.0,70394.0,-70394.0,80000.0,,,,39.0,80000.0,,,,,,,,,,,,,,,,,,,,,,-70355.0,,,80000.0,,-522594.0,,2500.0,,79761.0,,,,,,,,,,,,,,-14139.0,12180000.0,12180000.0,,
2014-03-31,2014-05-20,10-Q,"XTREME FIGHTING CHAMPIONSHIPS, INC.",XFCI,CIK0001379043,USD,,,1377.0,,,,,519820.0,,,,,,,106241.0,26241.0,,,,,26241.0,16835.0,,,,,,,,12180.0,,,,,,,,,,,,,,,,,,-534136.0,,0.0,10680.0,,,,,,,,,,,10680.0,,,-10680.0,-11542.0,0.0,-11542.0,,,1377.0,,,,,,,,,,,,,862.0,-862.0,,,,,,108377.0,106241.0,81377.0,27000.0,,,80000.0,27000.0,,-10165.0,-11542.0,,,10680.0,-10680.0,80000.0,,,,-862.0,80000.0,,,,,,,,,,,,,,,,,,,27000.0,27000.0,,,,,80000.0,,,,,,-2136.0,,,,,,,,,,,,,,,12180000.0,,12180000.0,
2014-06-30,2014-08-13,10-Q,"XTREME FIGHTING CHAMPIONSHIPS, INC.",XFCI,CIK0001379043,USD,,,2659.0,,,,,519820.0,,,,,,,97326.0,17326.0,,,,,17326.0,,,,,,,,,12180.0,,,,,,,,,,,,,,,,,,-544333.0,,0.0,,,,,,,,,,,,8930.0,,,-8930.0,-10197.0,0.0,-10197.0,,,,,,,,,,,,,,,,1267.0,-1267.0,,,,,,109659.0,97326.0,82659.0,27000.0,,,80000.0,,,,-10197.0,,,8930.0,-8930.0,,,,,-1267.0,,,,,,,,,,,,,,,,,,,,,,,,,,80000.0,,,,,,-12333.0,,,,,,,,,,,,,,,12180000.0,,12180000.0,
2014-09-30,2014-11-12,10-Q,"XTREME FIGHTING CHAMPIONSHIPS, INC.",XFCI,CIK0001379043,USD,,,3935.0,1250.0,,,,519820.0,,,,,,,85789.0,5789.0,,,,,5789.0,,,,,,,,,12180.0,,,,,,,,,,,,,,,,,,,,0.0,,,,,,,,,,,,12787.0,,,-12787.0,-14063.0,0.0,-14063.0,,,,,,,,,,,,,,,,1276.0,-1276.0,,,,,,112185.0,85789.0,85185.0,27000.0,,,80000.0,,,,-14063.0,,,12787.0,-12787.0,,,,,-1276.0,,,,,,,,,,,,,,,,,,,,,,,,,,80000.0,,-558396.0,,,,-26396.0,,,,,,,,,,,,,,,12180000.0,,12180000.0,
2014-12-31,2019-08-28,10-K,"XTREME FIGHTING CHAMPIONSHIPS, INC.",XFCI,CIK0001379043,USD,,,5218.0,1250.0,,,,519820.0,,,,,,80000.0,0.0,,,,,,0.0,-9406.0,,,,0.001,76000000.0,12180000.0,12180000.0,12180.0,,,,,,,,,,-14827.0,495000.0,173250.0,52500.0,225750.0,,,,,,-0.01,,,,,,,,,,,,38186.0,,,,,,,,,5218.0,1250.0,,,,,,,,,,,,4688.0,,,,,,,113468.0,0.0,86468.0,,27000.0,80000.0,,27000.0,,-36406.0,-122874.0,,,118186.0,-118186.0,,,,,-4688.0,,,,,,,,,,,,,,,,,,,,,27000.0,,,,,80000.0,,-645468.0,,2500.0,,-113468.0,,,,,,,,,,,,,,-14827.0,12180000.0,,,
2015-03-31,2019-08-28,10-Q,"XTREME FIGHTING CHAMPIONSHIPS, INC.",XFCI,CIK0001379043,USD,,,6473.0,1250.0,,,,519820.0,,,,,,,0.0,,,,,,0.0,,,,,0.001,76000000.0,12180000.0,12180000.0,12180.0,,,,,,,,,,,,,,,,,,,,0.0,,,,,,,,,,,,,,,,,,,,,1255.0,,,,,,,,,,,,,1255.0,,,,,,,114723.0,0.0,114723.0,,,,,,,,-1255.0,,,,,,,,,-1255.0,,,,,,,,,,,,,,,,,,,,,,,,,,107000.0,,-646723.0,,,,-114723.0,,,,,,,,,,,,,,,12180000.0,,,
2015-06-30,2019-08-28,10-Q,"XTREME FIGHTING CHAMPIONSHIPS, INC.",XFCI,CIK0001379043,USD,,,7742.0,1250.0,,,,519820.0,,,,,,,0.0,,,,,,0.0,,,,,0.001,76000000.0,12180000.0,12180000.0,12180.0,,,,,,,,,,,,,,,,,,,,0.0,,,,,,,,,,,,,,,,,,,,,,,,,,,,,,,,,,1269.0,,,,,,,115992.0,0.0,115992.0,,,,,,,,-1269.0,,,,,,,,,-1269.0,,,,,,,,,,,,,,,,,,,,,,,,,,107000.0,,-647992.0,,,,-115992.0,,,,,,,,,,,,,,,12180000.0,,,
2015-09-30,2019-08-28,10-Q,"XTREME FIGHTING CHAMPIONSHIPS, INC.",XFCI,CIK0001379043,USD,,,9025.0,1250.0,,,,519820.0,,,,,,,0.0,,,,,,0.0,,,,,0.001,76000000.0,12180000.0,12180000.0,12180.0,,,,,,,,,,,,,,,,,,,,0.0,,,,,,,,,,,,,,,,,,,,,,,,,,,,,,,,,,1283.0,,,,,,,117275.0,0.0,117275.0,,,,,,,,-1283.0,,,,,,,,,-1283.0,,,,,,,,,,,,,,,,,,,,,,,,,,107000.0,,-649275.0,,,,-117275.0,,,,,,,,,,,,,,,12180000.0,,,
2015-12-31,2019-08-28,10-K,"XTREME FIGHTING CHAMPIONSHIPS, INC.",XFCI,CIK0001379043,USD,,,10308.0,1250.0,,,,519820.0,,,,,,,0.0,,,,,,0.0,0.0,,,,0.001,76000000.0,12180000.0,12180000.0,12180.0,,,,,,,,,,-2100.0,501000.0,175350.0,52500.0,227850.0,,,,,,0.0,,,,,,,,,,,,,,,,,,,,,5090.0,,,,,,,,,,,,,5090.0,,,,,,,118558.0,0.0,118558.0,,,,,,,,-5090.0,,,,,,,,,-5090.0,,,,,,,,,,,,,,,,,,,,,,,,,,107000.0,,-650558.0,,5000.0,,-118558.0,,,,,,,,,,,,,,-2100.0,12180000.0,,,
2016-03-31,2019-08-28,10-Q,"XTREME FIGHTING CHAMPIONSHIPS, INC.",XFCI,CIK0001379043,USD,,,12375.0,1250.0,,,,519820.0,,,,,,,0.0,,,,,,0.0,,,,,0.001,76000000.0,12180000.0,12180000.0,12180.0,,,,,,,,,,,,,,,,,,,,0.0,,,,,,,,,,,,,,,,,,,,,2067.0,,,,,,,,,,,,,2067.0,,,,,,,120625.0,0.0,120625.0,,,,,,,,-2067.0,,,,,,,,,-2067.0,,,,,,,,,,,,,,,,,,,,,,,,,,107000.0,,-652625.0,,,,-120625.0,,,,,,,,,,,,,,,12180000.0,,,
2016-06-30,2019-08-28,10-Q,"XTREME FIGHTING CHAMPIONSHIPS, INC.",XFCI,CIK0001379043,USD,,,14644.0,1250.0,,,,519820.0,,,,,,,0.0,,,,,,0.0,,,,,0.001,76000000.0,12180000.0,12180000.0,12180.0,,,,,,,,,,,,,,,,,,,,0.0,,,,,,,,,,,,,,,,,,,,,,,,,,,,,,,,,,2269.0,,,,,,,122894.0,0.0,122894.0,,,,,,,,-2269.0,,,,,,,,,-2269.0,,,,,,,,,,,,,,,,,,,,,,,,,,107000.0,,-654894.0,,,,-122894.0,,,,,,,,,,,,,,,12180000.0,,,
2016-09-30,2019-08-28,10-Q,"XTREME FIGHTING CHAMPIONSHIPS, INC.",XFCI,CIK0001379043,USD,,,16938.0,1250.0,,,,519820.0,,,,,,,0.0,,,,,,0.0,,,,,0.001,76000000.0,12180000.0,12180000.0,12180.0,,,,,,,,,,,,,,,,,,,,0.0,,,,,,,,,,,,,,,,,,,,,,,,,,,,,,,,,,2294.0,,,,,,,125188.0,0.0,125188.0,,,,,,,,-2294.0,,,,,,,,,-2294.0,,,,,,,,,,,,,,,,,,,,,,,,,,107000.0,,-657188.0,,,,-125188.0,,,,,,,,,,,,,,,12180000.0,,,
2016-12-31,2019-08-28,10-K,"XTREME FIGHTING CHAMPIONSHIPS, INC.",XFCI,CIK0001379043,USD,,,19232.0,1250.0,,,,519820.0,,,,,,,0.0,,,,,,0.0,,,,,0.001,76000000.0,12180000.0,12180000.0,12180.0,,,,,,,,,,-2800.0,509000.0,178150.0,52500.0,230650.0,,,,,,0.0,,,,,,,,,,,,,,,,,,,,,8924.0,,,,,,,,,,,,,8924.0,,,,,,,127482.0,0.0,127482.0,,,,,,,,-8924.0,,,,,,,,,-8924.0,,,,,,,,,,,,,,,,,,,,,,,,,,107000.0,,-659482.0,,5000.0,,-127482.0,,,,,,,,,,,,,,-2800.0,12180000.0,,,
2017-03-31,2019-08-28,10-Q,"XTREME FIGHTING CHAMPIONSHIPS, INC.",XFCI,CIK0001379043,USD,,,21476.0,1250.0,,,,519820.0,,,,,,,0.0,,,,,,0.0,,,,,0.001,76000000.0,12180000.0,12180000.0,12180.0,,,,,,,,,,,,,,,,,,,,0.0,,,,,,,,,,,,,,,,,,,,,2244.0,,,,,,,,,,,,,2244.0,,,,,,,129726.0,0.0,129726.0,,,,,,,,-2244.0,,,,,,,,,-2244.0,,,,,,,,,,,,,,,,,,,,,,,,,,107000.0,,-661726.0,,,,-129726.0,,,,,,,,,,,,,,,12180000.0,,,
2017-06-30,2019-08-28,10-Q,"XTREME FIGHTING CHAMPIONSHIPS, INC.",XFCI,CIK0001379043,USD,,,23745.0,1250.0,,,,519820.0,,,,,,,0.0,,,,,,0.0,,,,,0.001,76000000.0,12180000.0,12180000.0,12180.0,,,,,,,,,,,,,,,,,,,,0.0,,,,,,,,,,,,,,,,,,,,,,,,,,,,,,,,,,2269.0,,,,,,,131995.0,0.0,131995.0,,,,,,,,-2269.0,,,,,,,,,-2269.0,,,,,,,,,,,,,,,,,,,,,,,,,,107000.0,,-663995.0,,,,-131995.0,,,,,,,,,,,,,,,12180000.0,,,
2017-09-30,2019-08-28,10-Q,"XTREME FIGHTING CHAMPIONSHIPS, INC.",XFCI,CIK0001379043,USD,,,26039.0,1250.0,,,,519820.0,,,,,,,0.0,,,,,,0.0,,,,,0.001,76000000.0,12180000.0,12180000.0,12180.0,,,,,,,,,,,,,,,,,,,,0.0,,,,,,,,,,,,,,,,,,,,,,,,,,,,,,,,,,2294.0,,,,,,,134289.0,0.0,134289.0,,,,,,,,-2294.0,,,,,,,,,-2294.0,,,,,,,,,,,,,,,,,,,,,,,,,,107000.0,,-666289.0,,,,-134289.0,,,,,,,,,,,,,,,12180000.0,,,
2017-12-31,2019-08-29,10-K,"XTREME FIGHTING CHAMPIONSHIPS, INC.",XFCI,CIK0001379043,USD,,,28333.0,1250.0,,,,519820.0,,,,,,,0.0,,,,,,0.0,,,,,0.001,76000000.0,12180000.0,12180000.0,12180.0,,,,,,,,,,-3500.0,519000.0,108990.0,52500.0,234150.0,,,,,,0.0,,,,,,,,,,,,,,,,,,,,,9101.0,,,,,,,,,,,,,9101.0,,,,,,,136583.0,0.0,136583.0,,,,,,,,-9101.0,,,,,,,,,-9101.0,,,,,,,,,,,,,,,,,,,,,,,,,,107000.0,,-668583.0,,10000.0,,-136583.0,,,,,,,,,,,,,-72660.0,-3500.0,12180000.0,,,
2018-03-31,2019-08-29,10-Q,"XTREME FIGHTING CHAMPIONSHIPS, INC.",XFCI,CIK0001379043,USD,,,30577.0,1250.0,,,,519820.0,,,,,,,0.0,,,,,,0.0,,,,,0.001,76000000.0,12180000.0,12180000.0,12180.0,,,,,,,,,,,,,,,,,,,,0.0,,,,,,,,,,,,,,,,,,,,,2244.0,,,,,,,,,,,,,2244.0,,,,,,,138827.0,0.0,138827.0,,,,,,,,-2244.0,,,,,,,,,-2244.0,,,,,,,,,,,,,,,,,,,,,,,,,,107000.0,,-670827.0,,,,-138827.0,,,,,,,,,,,,,,,12180000.0,,,
2018-06-30,2019-08-29,10-Q,"XTREME FIGHTING CHAMPIONSHIPS, INC.",XFCI,CIK0001379043,USD,,,32846.0,1250.0,,,,519820.0,,,,,,,0.0,,,,,,0.0,,,,,0.001,76000000.0,12180000.0,12180000.0,12180.0,,,,,,,,,,,,,,,,,,,,0.0,,,,,,,,,,,,,,,,,,,,,,,,,,,,,,,,,,2269.0,,,,,,,141096.0,0.0,141096.0,,,,,,,,-2269.0,,,,,,,,,-2269.0,,,,,,,,,,,,,,,,,,,,,,,,,,107000.0,,-673096.0,,,,-141096.0,,,,,,,,,,,,,,,12180000.0,,,
2018-09-30,2019-08-29,10-Q,"XTREME FIGHTING CHAMPIONSHIPS, INC.",XFCI,CIK0001379043,USD,,,35140.0,1250.0,,,,519820.0,,,,,,,0.0,,,,,,0.0,,,,,0.001,76000000.0,12180000.0,12180000.0,12180.0,,,,,,,,,,,,,,,,,,,,0.0,,,,,,,,,,,,,,,,,,,,,,,,,,,,,,,,,,2294.0,,,,,,,143390.0,0.0,143390.0,,,,,,,,-2294.0,,,,,,,,,-2294.0,,,,,,,,,,,,,,,,,,,,,,,,,,107000.0,,-675390.0,,,,-143390.0,,,,,,,,,,,,,,,12180000.0,,,
2018-12-31,2019-08-29,10-K,"XTREME FIGHTING CHAMPIONSHIPS, INC.",XFCI,CIK0001379043,USD,,,37434.0,1250.0,,,,519820.0,,,,,,,0.0,,,,,,0.0,-9101.0,,,,0.001,76000000.0,12180000.0,12180000.0,12180.0,,,,,,,,,,-1890.0,528000.0,110880.0,31500.0,142380.0,,,,,,0.0,,,,,,,,,,,,,,,,,,,,,9101.0,,,,,,,,,,,,,9101.0,,,,,,,145684.0,0.0,145684.0,,,,,,,-9101.0,-9101.0,,,,,,,,,-9101.0,,,,,,,,,,,,,,,,,,,,,,,,,,107000.0,,-677684.0,,50000.0,,-145684.0,,,,,,,,,,,,,,-1890.0,12180000.0,,,
2019-03-31,2019-08-29,10-Q,"XTREME FIGHTING CHAMPIONSHIPS, INC.",XFCI,CIK0001379043,USD,,,39678.0,1250.0,,,,519820.0,,,,,,,0.0,,,,,,0.0,,,,,0.001,76000000.0,12180000.0,12180000.0,12180.0,,,,,,,,,,-471.0,,,,,,,,,,0.0,,,,,,,,,,,,,,,,,,,,,2244.0,,,,,,,,,,,,,2244.0,,,,,,,147928.0,0.0,147928.0,,,,,,,,-2244.0,,,,,,,,,-2244.0,,,,,,,,,,,,,,,,,,,,,,,,,,107000.0,,-679928.0,,,,-147928.0,,,,,,,,,,,,,,-471.0,12180000.0,,,
2019-06-30,2019-08-29,10-Q,"XTREME FIGHTING CHAMPIONSHIPS, INC.",XFCI,CIK0001379043,USD,,,12000.0,,,,,519820.0,,,,,,,0.0,,,,,,0.0,,,,,0.001,76000000.0,12180000.0,12180000.0,12180.0,,,,,,,,,,,,,,,,,,,,0.01,,,,,,,,,,,150197.0,12000.0,,,,,,,,,,,,,,,,,,,,,,2269.0,,,,,,,12000.0,0.0,12000.0,,,,,,,,135928.0,,,12000.0,-12000.0,,,,,147928.0,,,,,,,,,,,,,,,,,,,,,,,,,,,,-544000.0,,,,-12000.0,,,,,,,,,,,,,,,12180000.0,,,
2019-09-30,2019-11-21,10-Q,"XTREME FIGHTING CHAMPIONSHIPS, INC.",XFCI,CIK0001379043,USD,,,19672.0,3001.0,,,,491603.0,,,,,,,0.0,,,,,,0.0,,,,,0.001,76000000.0,52180000.0,52180000.0,52180.0,,,,,,,,,,,,,,,,0.0,,,,0.0,,,,,,,,,,21414169.0,,22456.0,,,,,,,,,,,,,,,,,,,,,,,,,,,,,22673.0,0.0,22673.0,,,,,,,,-22456.0,,,22456.0,-22456.0,,,,,,,,,,,,,,,,,,,,,,,,,,,,,,,,,-566456.0,,,,-34456.0,,,,40000000.0,,11783.0,,,,,,,,,12180000.0,,,
2019-12-31,2020-04-17,10-K,"XTREME FIGHTING CHAMPIONSHIPS, INC.",XFCI,CIK0001379043,USD,,,20226.0,16870.0,,,,20891603.0,,,,,,,0.0,0.0,,,,,0.0,,,,,0.001,500000000.0,202180000.0,202180000.0,202180.0,,,31345.0,,,,,178655.0,,90510.0,431000.0,90510.0,31500.0,122010.0,,,,,,-0.8,,,,,,,,,,,150197.0,20598879.0,,,,,,,,,37772.0,15620.0,,,,,,,,,,,,4513.0,,,,,,20550000.0,37096.0,0.0,37096.0,,,,,15620.0,,-15620.0,-20453195.0,,,20598879.0,-20598879.0,0.0,,,,145684.0,,,,,,,0.001,0.0,0.0,0.0,,,,,,,,,,,15620.0,,,,,,,-21130879.0,,100000.0,20550000.0,-37096.0,,,,,,11783.0,,20550000.0,,11783.0,,,,,25659452.0,,,
2020-03-31,2020-05-21,10-Q,"XTREME FIGHTING CHAMPIONSHIPS, INC.",XFCI,CIK0001379043,USD,,,20226.0,17070.0,,,,20891603.0,,,,,,,0.0,,,,,,0.0,,,,,0.001,500000000.0,202180000.0,202180000.0,202180.0,,,,,,,,,,-42.0,431000.0,90510.0,31500.0,122010.0,,,,,,0.0,,,,,,,,,,,,200.0,,,,,,,,,,200.0,,,,,,,,,,,,,,,,,,,37296.0,0.0,37296.0,,,,,,,,-200.0,,,200.0,-200.0,,,,,,,,,,,,,,,,,,,,,,,,,,,,,,,,,-21131079.0,,,,-37296.0,,,,,,,,,,,,,,-42.0,202180000.0,,,
2020-06-30,2020-08-26,10-Q,"XTREME FIGHTING CHAMPIONSHIPS, INC.",XFCI,CIK0001379043,USD,,,20726.0,17070.0,,,,48895173.0,,,,,,,22598606.0,26914.0,,,,,26914.0,,,,,0.001,500000000.0,52219413.0,52219413.0,52219.0,46355.0,,,,,,,,,,1416000.0,297327.0,31500.0,328827.0,,,578761.0,,,-0.03,,578761.0,,,,,,,23150453.0,22571692.0,,4723098.0,,,,,,,,,,,,,,,,,,,,,,,,,,,,,84151.0,22598606.0,84151.0,,,,,,,,-5301859.0,,,5301859.0,-5301859.0,22571692.0,,,,,,,,,,0.125,0.001,2.0,2.0,2.0,1.0,,4051328.0,4630091.0,4630091.0,4630091.0,4630091.0,,,,,,,,,,,-26432938.0,,,,22514455.0,,,,,23150453.0,,,4703157.0,,,,,,,182953184.0,,,
2020-09-30,2020-12-09,10-Q,"XTREME FIGHTING CHAMPIONSHIPS, INC.",XFCI,CIK0001379043,USD,,,21026.0,17070.0,,,,50638533.0,,,,,,,21558045.0,129876.0,,,,,79876.0,,250000.0,,,0.001,500000000.0,73859453.0,73859453.0,73859.0,46355.0,,210000.0,210000.0,0.3,,0.1,10000.0,,,,,,,50000.0,0.0,1157523.0,,,-0.05,,1736284.0,,,,,,,23150453.0,21414169.0,,42262.0,,,,,,,,,,,,,,,,,,,,,,1500000.0,,,,,,,344416.0,21558045.0,344416.0,,,,,,,,-3065826.0,,,1565826.0,-1565826.0,,,,49965.0,-1500000.0,,,,,,0.125,0.001,2.0,2.0,2.0,1.0,,,,,,,,,,,366041.0,,14000.0,14000.0,,,-29498764.0,,,,21213629.0,,,,,,,,,1765000.0,,,,,,64248570.0,,,
2020-12-31,2021-09-20,10-K,"XTREME FIGHTING CHAMPIONSHIPS, INC.",XFCI,CIK0001379043,USD,,,37330.0,17070.0,45439.0,1554.0,,46715387.0,136500.0,,86618.0,4630091.0,80552572.0,,12344104.0,78049.0,,,,,13049.0,13049.0,250000.0,,,0.001,500000000.0,99815716.0,99815716.0,99816.0,123900.0,170000.0,210000.0,579118.0,0.3,100000.0,0.1,10000.0,76735.0,,2200000.0,454152.0,,454152.0,,1554.0,1159977.0,,65000.0,-0.1,,1058222.0,1644676.0,2230730.0,1644676.0,1644676.0,1644676.0,1644676.0,13312032.0,12253610.0,,13282936.0,,,,,,,,,35290.0,,123900.0,,,65000.0,,,,,,,,44011.0,,,,,,,775405.0,12344104.0,775405.0,,,,,806818.0,-78999.0,-714770.0,-14115626.0,,,14442913.0,-14071615.0,,,,17987.0,-44011.0,,,150000.0,,13999.0,0.125,0.001,10000000.0,2.0,2.0,1.0,,,,,,,,156818.0,650000.0,,,,13999.0,12445.0,,16870.0,-35246505.0,371298.0,,11995071.0,11568699.0,13312032.0,,,,13312032.0,,,11995071.0,156818.0,,,,,,144362795.0,,,
