end,filed,form,Name,Ticker,CIK,Currency,AccountsPayableAndAccruedLiabilitiesCurrent,AccountsPayableRelatedPartiesCurrent,AccountsReceivableNetCurrent,AdditionalPaidInCapital,AdjustmentForAmortization,AdvancesOnInventoryPurchases,AmortizationOfIntangibleAssets,AntidilutiveSecuritiesExcludedFromComputationOfEarningsPerShareAmount,Assets,AssetsCurrent,AssetsOrLiabilitiesFromTransfersOfFinancialAssetsHavingNoReasonableEstimateOfFairValueCarryingAmount,Cash,CashAndCashEquivalentsAtCarryingValue,CashAndCashEquivalentsPeriodIncreaseDecrease,CashCashEquivalentsRestrictedCashAndRestrictedCashEquivalents,CashCashEquivalentsRestrictedCashAndRestrictedCashEquivalentsPeriodIncreaseDecreaseExcludingExchangeRateEffect,CashCashEquivalentsRestrictedCashAndRestrictedCashEquivalentsPeriodIncreaseDecreaseIncludingExchangeRateEffect,CashFDICInsuredAmount,CommonStockParOrStatedValuePerShare,CommonStockShareSubscribedButUnissuedSubscriptionsReceivable,CommonStockSharesAuthorized,CommonStockSharesIssued,CommonStockSharesOutstanding,CommonStockValue,DeferredIncomeTaxExpenseBenefit,DeferredIncomeTaxLiabilities,DeferredTaxAssetsGross,DeferredTaxAssetsLiabilitiesNet,DeferredTaxAssetsNet,DeferredTaxAssetsOperatingLossCarryforwards,DeferredTaxAssetsValuationAllowance,DevelopmentStageEnterpriseDeficitAccumulatedDuringDevelopmentStage,DueToOtherRelatedPartiesClassifiedCurrent,DueToRelatedPartiesCurrent,EarningsPerShareBasicAndDiluted,EffectiveIncomeTaxRateReconciliationAtFederalStatutoryIncomeTaxRate,EmployeeRelatedLiabilitiesCurrent,EquityIssuancePerShareAmount,ExchangeFees,FairValueEstimateNotPracticableCashAndCashEquivalents,FiniteLivedIntangibleAssetsAccumulatedAmortization,FiniteLivedIntangibleAssetsAmortizationExpenseAfterYearFive,FiniteLivedIntangibleAssetsAmortizationExpenseNextTwelveMonths,FiniteLivedIntangibleAssetsAmortizationExpenseRemainderOfFiscalYear,FiniteLivedIntangibleAssetsAmortizationExpenseYearFive,FiniteLivedIntangibleAssetsAmortizationExpenseYearFour,FiniteLivedIntangibleAssetsAmortizationExpenseYearThree,FiniteLivedIntangibleAssetsAmortizationExpenseYearTwo,FiniteLivedIntangibleAssetsGross,FiniteLivedIntangibleAssetsNet,FinitelivedIntangibleAssetsAcquired1,ForeignCurrencyExchangeRateTranslation1,ForeignCurrencyExchangeRateTranslation1,GeneralAndAdministrativeExpense,IncomeLossFromContinuingOperations,IncomeLossFromContinuingOperationsBeforeIncomeTaxesMinorityInterestAndIncomeLossFromEquityMethodInvestments,IncomeTaxReconciliationIncomeTaxExpenseBenefitAtFederalStatutoryIncomeTaxRate,IncreaseDecreaseInAccountsPayableAndAccruedLiabilities,IncreaseDecreaseInAccountsPayableRelatedParties,IncreaseDecreaseInAccountsReceivable,IncreaseDecreaseInOperatingCapital,IncreaseDecreaseInOtherCurrentAssets,IncreaseDecreaseInOtherReceivables,IncreaseDecreaseInPrepaidExpense,IncreaseDecreaseInReceivables,IntangibleAssetsNetExcludingGoodwill,InterestExpense,InterestIncomeExpenseNet,IssuanceOfStockAndWarrantsForServicesOrClaims,LegalFees,Liabilities,LiabilitiesAndStockholdersEquity,LiabilitiesCurrent,LoansPayableCurrent,MarketingAndAdvertisingExpense,NetCashProvidedByUsedInFinancingActivities,NetCashProvidedByUsedInFinancingActivitiesContinuingOperations,NetCashProvidedByUsedInInvestingActivities,NetCashProvidedByUsedInInvestingActivitiesContinuingOperations,NetCashProvidedByUsedInOperatingActivities,NetCashProvidedByUsedInOperatingActivitiesContinuingOperations,NetIncomeLoss,NoncashOrPartNoncashAcquisitionNoncashFinancialOrEquityInstrumentConsiderationSharesIssued1,NotesPayableRelatedPartiesClassifiedCurrent,NumberOfOperatingSegments,OfficersCompensation,OperatingExpenses,OperatingIncomeLoss,OperatingLossCarryforwards,OtherAdditionalCapital,OtherCostAndExpenseOperating,OtherExpenses,OtherGeneralAndAdministrativeExpense,OtherGeneralExpense,OtherLongTermNotesPayable,OtherShortTermBorrowings,OtherTaxExpenseBenefit,PreferredStockParOrStatedValuePerShare,PreferredStockSharesAuthorized,PreferredStockSharesIssued,PreferredStockSharesOutstanding,PreferredStockValue,PrepaidExpenseCurrent,ProceedsFromIssuanceOfCommonStock,ProceedsFromRelatedPartyDebt,ProceedsFromRepaymentsOfRelatedPartyDebt,ProceedsFromRepaymentsOfShortTermDebt,ProfessionalFees,ProfitLoss,ReceivablesNetCurrent,RelatedPartyTransactionExpensesFromTransactionsWithRelatedParty,RetainedEarningsAccumulatedDeficit,Revenues,SaleOfStockPercentageOfOwnershipAfterTransaction,SalesRevenueNet,ShareBasedCompensationArrangementByShareBasedPaymentAwardDiscountFromMarketPriceOfferingDate,SponsorFees,StockholdersEquity,StockholdersEquityNoteStockSplitConversionRatio1,StockIssued1,StockIssuedDuringPeriodSharesAcquisitions,StockIssuedDuringPeriodSharesIssuedForServices,StockIssuedDuringPeriodSharesNewIssues,StockIssuedDuringPeriodValueAcquisitions,StockIssuedDuringPeriodValueIssuedForCash,StockIssuedDuringPeriodValueIssuedForServices,StockIssuedDuringPeriodValueNewIssues,StockRepurchasedAndRetiredDuringPeriodShares,StockRepurchasedAndRetiredDuringPeriodValue,TrusteeFees,ValuationAllowanceDeferredTaxAssetChangeInAmount,WeightedAverageNumberOfDilutedSharesOutstanding,WeightedAverageNumberOfShareOutstandingBasicAndDiluted
2013-03-31,2013-05-08,10-Q,Bio-En Holdings Corp.,BENH,CIK0001568139,USD,9965.0,,,19875.0,,,,,20000.0,,,20000.0,20000.0,19975.0,,,,,0.0001,,200000000.0,1250000.0,1250000.0,125.0,,,,,,1584.0,-1584.0,10558.0,,-593.0,-0.01,0.15,,,465.0,,,,,,,,,,,,,,,,,,,9965.0,,,,,,,,,,,,,10558.0,20000.0,,593.0,,20000.0,20000.0,,,-25.0,-25.0,-9990.0,,,,,9990.0,,10558.0,,25.0,,,,,,,,,,,,,20000.0,,,,9500.0,-9990.0,,,,,,,,,9442.0,,,,,,,,,,,,,1499.0,1250000.0,7894625.0
2013-06-30,2013-07-25,10-Q,Bio-En Holdings Corp.,BENH,CIK0001568139,USD,,,,19875.0,,,,,6878.0,,6878.0,6878.0,6878.0,,,,,,0.0001,,200000000.0,1250000.0,1250000.0,125.0,,,,,,2057.0,-2057.0,13715.0,,-593.0,,,,,1115.0,6878.0,,,,,,,,,,,,,,,,,,,,,,,,,,,,,,,593.0,6878.0,,593.0,,,,,,,,-3157.0,,,,,3157.0,,13715.0,,121.0,,421.0,,,,,,,,,,,,,,,1500.0,,,,,,,,,,6285.0,,,,,,,,,,,,,,1250000.0,7915012.0
2013-09-30,2013-10-29,10-Q,Bio-En Holdings Corp.,BENH,CIK0001568139,USD,,,,57851.0,,,,,34676.0,,,33176.0,33176.0,,,,,,0.0001,,200000000.0,1487500.0,1487500.0,149.0,,,,,0.0,3587.0,3587.0,23917.0,,-593.0,-0.01,,,,1946.0,33176.0,,,,,,,,,,,,,,,,,,,,,,,,,,,,,,,593.0,34676.0,,593.0,,,,,,,,-10202.0,,,,,10202.0,,23917.0,,256.0,,,,,,,,,,,,1500.0,,,,,,,,,,,,,,5000.0,34083.0,,,,,,,,,,,,,,1367255.0,
2013-12-31,2014-02-19,10-K,Bio-En Holdings Corp.,BENH,CIK0001568139,USD,13058.0,,,57061.0,,,,,33173.0,,,,0.0,32559.0,,,,,0.0001,,200000000.0,9394609.0,9394609.0,939.0,,,,,0.0,5772.0,5772.0,38478.0,,593.0,-0.03,,,,3204.0,32584.0,,,,,,,,,,,,,,,37910.0,,,13058.0,,,,,589.0,,,,,,,5000.0,13651.0,33173.0,,,,58000.0,,,,-25441.0,,-37910.0,,,,,37910.0,,38478.0,,405.0,,,,,593.0,,,,,,,589.0,58000.0,,,,421.0,-37910.0,589.0,,,,,,,18380.0,0.0,,,,,,,38000.0,,,,,1500.0,5687.0,1340223.0,
2014-03-31,2014-05-20,10-Q,Bio-En Holdings Corp.,BENH,CIK0001568139,USD,654.0,,,57061.0,425.0,,,,9798.0,,,,9209.0,-23375.0,,,,,0.0001,,200000000.0,9394609.0,9394609.0,939.0,,,,,,7418.0,7418.0,49449.0,,593.0,,0.15,,,2818.0,,,,,,,,,,,,330000.0,,,67407.0,,,,23060.0,,,,,,,,,,,696.0,,1247.0,9798.0,,,,,,,,,-23375.0,-67407.0,2548853.0,,,,67407.0,,49449.0,,298.0,,,,,,,,,,,,,,,,,7855.0,,589.0,,,,,,,,8551.0,,255.0,,4409196.0,23041951.0,,,441.0,2304.0,,,,1646.0,,9394609.0
2014-06-30,2014-08-14,10-Q,Bio-En Holdings Corp.,BENH,CIK0001568139,USD,4154.0,,,47856.0,,,,,,,,,,,,,,,0.0001,,200000000.0,9394609.0,9394609.0,939.0,,,,,,8872.0,8872.0,59143.0,,6194.0,0.0,,,,494.0,,,,,,,,,,,,,,,,,,,,,,,,,,,,,,,9200.0,10348.0,,,,,,,,,,,-9694.0,,,,,9694.0,,59143.0,,,,,,,,,,,,,,,,,,,9200.0,,,,,,,,,,-10348.0,,,,,,,,,,,,,,,9394609.0
2014-09-30,2014-11-19,10-Q,Bio-En Holdings Corp.,BENH,CIK0001568139,USD,39960.0,,,,,,,,1560.0,,,,1560.0,,,,,,0.0001,,250000000.0,32350003.0,32350003.0,3235.0,,,,,,,,,,7868.0,0.0,,,,,,,,,,,,,,,,,,,58907.0,,,,,,,,,,,,,,,,34825.0,47828.0,1560.0,,,,,,,,,,-58907.0,,,,,58907.0,,,122934.0,,,,4387.0,,,,0.0001,50000000.0,,,,,,,,,,,,,-172437.0,,0.896,,,,-46268.0,,,,,,,,,,,,,,,9394609.0
2014-12-31,2015-04-13,10-K,Bio-En Holdings Corp.,BENH,CIK0001568139,USD,53353.0,7500.0,,120931.0,15023.0,,15023.0,7500.0,266391.0,1498.0,,,1498.0,1498.0,,,,250000.0,0.0001,,250000000.0,32350003.0,32350003.0,3235.0,,,77072.0,,,,77072.0,,279661.0,,-0.01,0.34,7500.0,,,,15023.0,168013.0,19376.0,,19376.0,19376.0,19376.0,19376.0,279916.0,264893.0,,,,226681.0,,-226681.0,77072.0,47199.0,7500.0,,,,,,,264893.0,,0.0,441.0,105574.0,368906.0,266391.0,89245.0,,,,22258.0,,0.0,,-20760.0,-226681.0,,28392.0,,7500.0,226681.0,,226681.0,,,0.0,,287.0,279661.0,,,0.0001,50000000.0,0.0,0.0,0.0,,60.0,22198.0,,,,,,,-226681.0,,0.896,0.0,,,-102515.0,,255.0,,,,-9450.0,,,,,162.0,,,,30481838.0
2015-03-31,2015-05-15,10-Q,Bio-En Holdings Corp.,BENH,CIK0001568139,USD,74038.0,30000.0,,120931.0,4844.0,,4844.0,30000.0,261487.0,1438.0,,,1438.0,-60.0,,,,250000.0,0.0001,,250000000.0,32350003.0,32350003.0,3235.0,,,16350.0,,,,16350.0,,279661.0,,,0.34,,,,,19867.0,168013.0,,14532.0,19376.0,19376.0,19376.0,19376.0,279916.0,260049.0,,0.8258,,48089.0,,48089.0,16350.0,20685.0,22500.0,,,,,,,260049.0,,,,10500.0,412091.0,261487.0,,,,,0.0,,0.0,,-60.0,-48089.0,,28392.0,,22500.0,48089.0,,274770.0,,,,,6146.0,,,,0.0001,50000000.0,,,,,,,,,,,,,-274770.0,,0.896,0.0,30.0,,-150604.0,,,,,,,,,,,,,,,32350000.0
2015-06-30,2015-08-14,10-Q,Bio-En Holdings Corp.,BENH,CIK0001568139,USD,90539.0,56500.0,,120931.0,4844.0,,,,256593.0,1388.0,,,1388.0,,,,,250000.0,0.0001,,250000000.0,32350003.0,32350003.0,3235.0,,,32635.0,,,,32635.0,,279661.0,,0.0,,,,,,24711.0,168013.0,,9688.0,19376.0,19376.0,19376.0,19376.0,279916.0,255205.0,,0.914,,,,,,,,,,,,,,255205.0,,0.0,,10702.0,455092.0,256593.0,,,,,,,,,,-47895.0,,28392.0,,,47895.0,,274770.0,,,0.0,,3836.0,,,,0.0001,50000000.0,,,,,,,,,,,,,-322665.0,,,,,,-198499.0,,,,,,,,,,,,,,,32350000.0
2015-09-30,2015-11-09,10-Q,Bio-En Holdings Corp.,BENH,CIK0001568139,USD,96784.0,91500.0,,120931.0,4844.0,,,,251707.0,1346.0,,,1346.0,,,,,250000.0,0.0001,,250000000.0,32350003.0,32350003.0,3235.0,,,54247.0,,,,54247.0,,279661.0,,0.0,,,,,,29555.0,168013.0,,4844.0,19376.0,19376.0,19376.0,19376.0,279916.0,250361.0,,,,,,,,,,,,,,,,250361.0,,,,12869.0,513772.0,251707.0,,,,,,,,,,-63567.0,,45827.0,,,63567.0,,274770.0,,,0.0,,1148.0,,,,0.0001,50000000.0,,,,,,,,,,,,,-386231.0,,,,,,-262065.0,,,,,,,,,,,,,,,32350003.0
2015-12-31,2016-03-30,10-K,Bio-En Holdings Corp.,BENH,CIK0001568139,USD,135797.0,97500.0,,120931.0,19376.0,0.0,19376.0,97500.0,246821.0,1304.0,,,1304.0,-194.0,,,,250000.0,0.0001,,250000000.0,32350003.0,32350003.0,3235.0,,,151866.0,,0.0,446665.0,151866.0,,279661.0,,-0.01,0.34,97500.0,,,,34399.0,148637.0,19376.0,,19376.0,19376.0,19376.0,19376.0,279916.0,245517.0,,,,,,446665.0,151866.0,82444.0,90000.0,,,,,,,245517.0,,-4759.0,0.0,43291.0,569320.0,246821.0,289659.0,,,,27970.0,,0.0,,-28164.0,-219984.0,,56362.0,,7500.0,215225.0,,446665.0,,,11045.0,,194.0,279661.0,,,0.0001,50000000.0,0.0,0.0,0.0,,0.0,27970.0,,,,,,,-446665.0,,,0.0,,,-322499.0,,0.0,,,,,,,,,,,,,32350003.0
2016-03-31,2016-05-16,10-Q,Bio-En Holdings Corp.,BENH,CIK0001568139,USD,152463.0,120000.0,,120931.0,4844.0,,4844.0,30000.0,241935.0,1262.0,,,1262.0,-42.0,,,,250000.0,0.0001,,250000000.0,32350003.0,32350003.0,3235.0,,,17188.0,,0.0,,17188.0,,,,,0.34,,,,,39243.0,187880.0,19376.0,14532.0,,19376.0,19376.0,19376.0,279916.0,240673.0,330000.0,,0.8258,,,-50552.0,17188.0,16666.0,22500.0,,,,,,,240673.0,2250.0,-2250.0,,10500.0,614986.0,241935.0,335325.0,,,,6500.0,,0.0,,-6542.0,-50552.0,,62862.0,,22500.0,48302.0,,274770.0,,,68.0,,42.0,279661.0,,,0.0001,50000000.0,0.0,0.0,,,,,,,,,,,-497217.0,,0.896,0.0,0.3,,-373051.0,,,,,,,,,,,,,,,32350000.0
2016-06-30,2016-08-11,10-Q,Bio-En Holdings Corp.,BENH,CIK0001568139,USD,174177.0,142500.0,,120931.0,4844.0,,,,237049.0,1220.0,,,1220.0,,,,,250000.0,0.0001,,250000000.0,32350003.0,32350003.0,3235.0,,,187754.0,,0.0,,187754.0,,,,0.0,,,,,,44087.0,148637.0,19376.0,9688.0,,19376.0,19376.0,19376.0,279916.0,235829.0,,,,,,,,,,,,,,,,235829.0,,-2723.0,,10500.0,665100.0,237049.0,385439.0,,,,,,,,,-55001.0,,68762.0,,,52278.0,,552217.0,,,4347.0,,42.0,279661.0,,,0.0001,50000000.0,0.0,0.0,0.0,,,,,,,,,,-552217.0,,,,,,-428051.0,,,,,,,,,,,,,,,32350003.0
2016-09-30,2016-11-15,10-Q,Bio-En Holdings Corp.,BENH,CIK0001568139,USD,189364.0,165000.0,,120931.0,4844.0,2000.0,,,234163.0,3178.0,,,1178.0,,,,,250000.0,0.0001,,250000000.0,32350003.0,32350003.0,3235.0,,,202909.0,,0.0,,202909.0,,,,0.0,,,,,,48931.0,148637.0,19376.0,4844.0,,19376.0,19376.0,19376.0,279916.0,230985.0,,,,,,,,,,,,,,,,230985.0,,0.0,,6000.0,706787.0,234163.0,427126.0,,,,,,,,,-44573.0,,72762.0,,,44573.0,,590790.0,,,1106.0,,42.0,279661.0,,,0.0001,50000000.0,0.0,0.0,0.0,,,,,,,,,,-596790.0,,,,,,-472624.0,,,,,,,,,,,,,,,32350003.0
2016-12-31,2017-03-29,10-K,Bio-En Holdings Corp.,BENH,CIK0001568139,USD,194033.0,187500.0,,120931.0,19429.0,,19429.0,97500.0,227224.0,1136.0,,,1136.0,-168.0,,,,250000.0,0.0001,,250000000.0,32350003.0,32350003.0,3235.0,,,218378.0,,0.0,642289.0,218378.0,,279661.0,,-0.01,0.34,90000.0,,,,53828.0,129208.0,19376.0,,19376.0,19376.0,19376.0,19376.0,279916.0,226088.0,,,,,,,218378.0,58236.0,90000.0,,,,,,,226088.0,,-6769.0,,27000.0,745347.0,227224.0,465686.0,,,27791.0,27791.0,0.0,0.0,-27959.0,-27959.0,-195624.0,,84153.0,,90000.0,188855.0,,642289.0,,,6593.0,,168.0,279661.0,,,0.0001,50000000.0,0.0,0.0,0.0,,,27791.0,27791.0,,,,,,-642289.0,,,0.0,,,-518123.0,,,,,,,,,,,,,,,32350003.0
2017-03-31,2017-05-15,10-Q,Bio-En Holdings Corp.,BENH,CIK0001568139,USD,207600.0,210000.0,,120931.0,4844.0,,4844.0,30000.0,222338.0,1094.0,,,1094.0,-42.0,,,,250000.0,0.0001,,250000000.0,32350003.0,32350003.0,3235.0,,,14516.0,,0.0,42693.0,14516.0,,,,0.0,0.34,,,,,58672.0,129208.0,14532.0,,19376.0,19376.0,19376.0,19376.0,279916.0,221244.0,,,0.9355,,,,14516.0,13567.0,22500.0,0.0,,,,,,221244.0,240.0,-240.0,,2000.0,783154.0,222338.0,503493.0,,,1740.0,1740.0,0.0,0.0,-1782.0,-1782.0,-42693.0,,85893.0,,22500.0,42453.0,,684982.0,,,1976.0,,42.0,279661.0,,,0.0001,50000000.0,0.0,0.0,,,0.0,1740.0,,,,,,,-684982.0,,0.896,0.0,,,-560816.0,,,,,,,,,,,,,,,32350000.0
2017-06-30,2017-08-09,10-Q,Bio-En Holdings Corp.,BENH,CIK0001568139,USD,211683.0,232500.0,,120931.0,4844.0,,,,217452.0,1052.0,,,1052.0,,,,,250000.0,0.0001,,250000000.0,32350003.0,32350003.0,3235.0,,,247047.0,,0.0,726609.0,247047.0,,,,0.0,,,,,,-63516.0,129208.0,9688.0,,19376.0,19376.0,19376.0,19376.0,279916.0,216400.0,,,0.8771,,,,,,,,,,,,,216400.0,,-180.0,,3710.0,819895.0,217452.0,540234.0,,,,,,,,,-42127.0,,96051.0,,,41947.0,,726609.0,,,0.0,,42.0,279661.0,,,0.0001,50000000.0,0.0,0.0,,,,,,,,,,,-726609.0,,,,,,-602443.0,,,,,,,,,,,,,,,32350003.0
2017-09-30,2017-11-13,10-Q,Bio-En Holdings Corp.,BENH,CIK0001568139,USD,219305.0,255000.0,,120931.0,4792.0,,,,212618.0,1010.0,,,1010.0,,,,,250000.0,0.0001,,250000000.0,32350003.0,32350003.0,3235.0,,,261650.0,,0.0,769559.0,261650.0,,,,0.0,,,,,,68308.0,129208.0,4896.0,,19376.0,19376.0,19376.0,19376.0,279916.0,211608.0,,,0.8485,,,,,,,,,,,,,211608.0,,-260.0,,1085.0,858011.0,212618.0,578350.0,,,,,,,,,-42950.0,,104045.0,,,42690.0,,726609.0,,,3820.0,,42.0,279661.0,,,0.0001,50000000.0,0.0,0.0,,,,,,,,,,,-769559.0,,,,,,-645393.0,,,,,,,,,,,,,,,32350003.0
2017-12-31,2018-04-16,10-K,Bio-En Holdings Corp.,BENH,CIK0001568139,USD,139500.0,0.0,0.0,120931.0,0.0,,,,60.0,60.0,,,60.0,-1076.0,60.0,,,250000.0,0.0001,,250000000.0,32350003.0,32350003.0,3235.0,,,113426.0,,0.0,333606.0,113426.0,,0.0,,-0.01,0.34,,,,,,,,,,,,,,,,,,,,,113426.0,-54533.0,-187500.0,0.0,,,,,,0.0,,-680.0,,-39177.0,209500.0,60.0,209500.0,,,-14153.0,,0.0,,-13077.0,,308683.0,,70000.0,,187500.0,-222653.0,222653.0,333606.0,,,17821.0,,168.0,0.0,,,0.0001,50000000.0,0.0,0.0,0.0,,0.0,,-14153.0,,,,,,-333606.0,0.0,,,,,-209440.0,,,,,,,,,,,,,,,32350003.0
2018-03-31,2018-05-14,10-Q,Bio-En Holdings Corp.,BENH,CIK0001568139,USD,19710.0,,500.0,326931.0,0.0,,,30000.0,518.0,518.0,,,18.0,-42.0,,,,250000.0,0.0001,,250000000.0,72350003.0,72350003.0,7235.0,,,-6716.0,,0.0,-19752.0,-6716.0,,,,0.0,0.34,,,,,,,,,,,,,,,,,,,,,-6716.0,-119790.0,-70000.0,500.0,,,,,,,,0.0,,0.0,19710.0,518.0,19710.0,,,210000.0,,0.0,,-210042.0,,-19752.0,,0.0,,,19752.0,-19752.0,353358.0,,,1642.0,,42.0,,,,0.0001,50000000.0,0.0,0.0,0.0,,210000.0,0.0,,,,,,,-353358.0,,0.896,0.0,,,-19192.0,,,,,,,,,,,,,,,51159864.0
2018-06-30,2018-08-14,10-Q,Bio-En Holdings Corp.,BENH,CIK0001568139,USD,23950.0,,26750.0,352681.0,0.0,,,,26750.0,26750.0,,,0.0,,,,,250000.0,0.0001,,250000000.0,77350003.0,77350003.0,7735.0,,,-12243.0,,0.0,36010.0,-12243.0,,,,0.0,,,,,,,,,,,,,,,,,,,,,,,,,,,,,,,,,0.0,,0.0,35950.0,26750.0,35950.0,,,,,,,,,-16258.0,,12000.0,,,16258.0,-16258.0,369616.0,,,3784.0,,18.0,,,,0.0001,50000000.0,0.0,0.0,0.0,,,,,,,,,,-369616.0,,,,,,-9200.0,,,,,,,,,,,,,,,77350003.0
2018-09-30,2018-11-14,10-Q,Bio-En Holdings Corp.,BENH,CIK0001568139,USD,18417.0,,5698.0,352681.0,0.0,,,,24705.0,24705.0,,,19007.0,,,,,250000.0,0.0001,,250000000.0,77350003.0,77350003.0,7735.0,,,130225.0,,0.0,383016.0,130225.0,,,,0.0,,,,,,,,,,,,,,,,,,,,,,,,,,,,,,,,,,,0.0,47305.0,24705.0,47305.0,,,,,,,,,-13400.0,,28888.0,,,13400.0,-13400.0,383016.0,,,1977.0,,112.0,,,,0.0001,50000000.0,0.0,0.0,0.0,,,,,,,,,,-383016.0,,,,,,-22600.0,,,,,,,,,,,,,,,77350003.0
2018-12-31,2019-03-19,10-K,Bio-En Holdings Corp.,BENH,CIK0001568139,USD,37370.0,0.0,6220.0,352681.0,,,,,11640.0,11640.0,,,5420.0,5360.0,5420.0,,5360.0,250000.0,0.0001,,250000000.0,77350003.0,77350003.0,7735.0,,,143477.0,0.0,0.0,421991.0,143477.0,,0.0,,0.0,0.68,,,,,,,,,,,,,,,,,,,,,286954.0,-102130.0,0.0,6220.0,,,,,,,,0.0,,4479.0,73215.0,11640.0,73215.0,,0.0,-34155.0,,,,-196735.0,,-88385.0,,35845.0,,0.0,,-88385.0,421991.0,,,9614.0,,239.0,,,,0.0001,50000000.0,0.0,0.0,,,236250.0,,-34155.0,,,,,,-421991.0,0.0,,,,,-61575.0,,,,,,,,,236250.0,,,,,,77350003.0
2019-03-31,2019-05-15,10-Q,Bio-En Holdings Corp.,BENH,CIK0001568139,USD,38052.0,,5712.0,352681.0,,,,30000.0,10560.0,10560.0,,,4848.0,-572.0,4848.0,-572.0,,250000.0,0.0001,,250000000.0,77350003.0,77350003.0,7735.0,,,154435.0,,,454221.0,154435.0,,,,0.0,0.34,,,,,,,,,,,,,,,,,,,,,154435.0,682.0,30468.0,-508.0,,,,,,,,,,,104365.0,10560.0,104365.0,,,0.0,,0.0,,-572.0,,-32230.0,,66313.0,,,,-32230.0,454221.0,,,5595.0,,495.0,,,,0.0001,50000000.0,0.0,0.0,,,0.0,,,,,,,,-454221.0,,,,,,-93805.0,,,,,,,,,,,,,,,77350003.0
2019-06-30,2019-10-17,10-Q,Bio-En Holdings Corp.,BENH,CIK0001568139,USD,52880.0,,5711.0,352681.0,,,,,10396.0,10396.0,,,4685.0,,4685.0,,,250000.0,0.0001,,250000000.0,77350003.0,77350003.0,7735.0,,159532.0,,0.0,,469213.0,159532.0,,,,0.0,,,,,,,,,,,,,,,,,,,,,,,,,,,,,,,,,0.0,,,119193.0,10396.0,119193.0,,,,,,,,,-14992.0,,66313.0,,,,-14992.0,460213.0,,,1440.0,,164.0,,,,0.0001,50000000.0,0.0,0.0,,,,,,,,,,,-469213.0,,,,,,-108797.0,,,,,,,,,,,,,,,77350003.0
2019-09-30,2019-11-14,10-Q,Bio-En Holdings Corp.,BENH,CIK0001568139,USD,35439.0,,5711.0,352681.0,,,,,10396.0,10396.0,,,4685.0,,4685.0,,,250000.0,0.0001,,250000000.0,77350003.0,77350003.0,7735.0,,169762.0,,0.0,,499299.0,169762.0,,,,0.0,,,,,,,,,,,,,,,,,,,,,,,,,,,,,,,,,0.0,,,149279.0,10396.0,149279.0,,,,,,,,,-19596.0,,113840.0,,,,-19596.0,499299.0,,,0.0,,0.0,,,,0.0001,50000000.0,0.0,0.0,,,,,,,,,,,-499299.0,,,,,,-138883.0,,,,,,,,,,,,,,,77350003.0
2019-12-31,2020-05-14,10-K,Bio-En Holdings Corp.,BENH,CIK0001568139,USD,48968.0,20500.0,241104.0,352681.0,,,,,241524.0,241524.0,,,420.0,,420.0,,-5000.0,250000.0,0.0001,,250000000.0,77350003.0,77350003.0,7735.0,,,186370.0,0.0,0.0,548147.0,186370.0,,,,0.0,0.34,,,,,,,,,,,,,,,,,,,,,186370.0,11598.0,,234884.0,,,,,,,,0.0,,18722.0,429255.0,241524.0,429255.0,,9607.0,344442.0,,,,-349442.0,,-126156.0,,380287.0,,,,-126156.0,548147.0,,,0.0,,450.0,,,,0.0001,50000000.0,0.0,0.0,,,0.0,,344442.0,,,,,24000.0,-548147.0,0.0,,,,,-187731.0,,,,,,,,,,,,,,,77350003.0
2020-03-31,2020-06-04,10-Q,Bio-En Holdings Corp.,BENH,CIK0001568139,USD,63726.0,46500.0,6414.0,352681.0,,,,30000.0,6759.0,6759.0,,,345.0,,345.0,-75.0,,250000.0,0.0001,,250000000.0,77350003.0,77350003.0,7735.0,,,272856.0,0.0,,802519.0,272856.0,,,422750.0,0.0,0.34,,,,,,,,,,,,,,,,,,,,,272856.0,14758.0,4849.0,310.0,,,,,,,,,,,448862.0,6759.0,448862.0,,,0.0,,,,-75.0,,-254372.0,,376250.0,,,,-19372.0,802519.0,,,0.0,,75.0,,,,0.0001,50000000.0,0.0,0.0,,,0.0,,,,,,,,-802519.0,,,,,,-442103.0,,,,,,,,,,,,,,,77350003.0
2020-06-30,2020-08-14,10-Q,Bio-En Holdings Corp.,BENH,CIK0001568139,USD,71877.0,,5190.0,352681.0,,,,,5460.0,5460.0,,,270.0,,270.0,,,250000.0,0.0001,,250000000.0,77350003.0,77350003.0,7735.0,,,278148.0,0.0,,818083.0,278148.0,,,,0.0,,,,,,,,,,,,,,,,,,,,,,,,,,,,,,,,,,,916.0,463127.0,5460.0,463127.0,,,,,,,,,-15564.0,,391250.0,,,,15564.0,818083.0,,,1106.0,,75.0,,,,0.0001,50000000.0,0.0,0.0,,,,,,,,,,,-818083.0,,,,,,-457667.0,,,,,,,,,,,,,,,77350003.0
2020-09-30,2020-11-16,10-Q,Bio-En Holdings Corp.,BENH,CIK0001568139,USD,83038.0,,5190.0,352681.0,,,,,5385.0,5385.0,,,195.0,,195.0,,,250000.0,0.0001,,250000000.0,77350003.0,77350003.0,7735.0,,,281968.0,,0.0,829319.0,281968.0,,,,0.0,,,,,,,,,,,,,,,,,,,,,,,,,,,,,,,,,,,,474288.0,5385.0,474288.0,,,,,,,,,-11236.0,,391250.0,,,,11236.0,829319.0,,,,,75.0,,,,0.0001,50000000.0,0.0,0.0,,,,,,,,,,,-829319.0,,,,,,-468903.0,,,,,,,,,,,,,,,77350003.0
2020-12-31,2021-04-14,10-K,Bio-En Holdings Corp.,BENH,CIK0001568139,USD,93238.0,46500.0,15000.0,352681.0,,,,,26710.0,26710.0,,,11710.0,,11710.0,,11290.0,250000.0,0.0001,,250000000.0,77350003.0,77350003.0,7735.0,,,168671.0,,0.0,803194.0,168671.0,,,,0.0,0.21,,,,,,,,,,,,,,,,,,,,,168671.0,44270.0,,-226104.0,,,,,,,,,,,469488.0,26710.0,469488.0,,0.0,-4037.0,,,,15327.0,,-255047.0,,376250.0,1.0,0.0,,-65047.0,803194.0,,,5189.0,,,,,,0.0001,50000000.0,0.0,0.0,,,,,-4037.0,,,,,24000.0,-803194.0,0.0,,,,,-442778.0,,,,,,,,,,,,,,,77350003.0
2021-03-31,2021-05-17,10-Q,Bio-En Holdings Corp.,BENH,CIK0001568139,USD,90535.0,52500.0,0.0,352681.0,,,,30000.0,10460.0,10460.0,,,10460.0,,10460.0,-1250.0,,250000.0,0.0001,,250000000.0,77350003.0,77350003.0,7735.0,,,171561.0,,0.0,816741.0,171561.0,,,428750.0,0.0,0.21,,,,,,,,,,,,,,,,,,,,,171516.0,-2703.0,0.0,0.0,,,,,,,,,,,466785.0,10460.0,466785.0,,,0.0,,,,-16250.0,,-13547.0,,376250.0,1.0,,,-13547.0,816741.0,,,,,250.0,,,,0.0001,50000000.0,0.0,0.0,,,0.0,,,,,,,,-816741.0,0.0,,,,,-456325.0,,,,,,,,,,,,,,,77350003.0
2021-06-30,2021-08-16,10-Q,Bio-En Holdings Corp.,BENH,CIK0001568139,USD,98223.0,,0.0,352681.0,,,,,19683.0,19683.0,,,19683.0,,,,,250000.0,0.0001,,250000000.0,77350003.0,77350003.0,7735.0,,,171193.0,,0.0,815206.0,171193.0,,,,0.0,,,,,,,,,,,,,,,,,,,,,,,,,,,,,,,,,,,0.0,474473.0,19683.0,474473.0,,,,,,,,,1360.0,,376250.0,,,,13640.0,815206.0,,,,,,,,,0.0001,50000000.0,0.0,0.0,,,,,,,,,,,-815206.0,,,,,,-454790.0,,,,,,,,,,,,,,,77350003.0
2021-09-30,2021-11-15,10-Q,Bio-En Holdings Corp.,BENH,CIK0001568139,USD,103448.0,,,352681.0,,,,,26201.0,26201.0,,,26201.0,,,,,250000.0,0.0001,,250000000.0,77350003.0,77350003.0,7735.0,,,170922.0,,0.0,813913.0,170922.0,,,,0.0,,,,,,,,,,,,,,,,,,,,,,,,,,,,,,,,,,,,479698.0,26201.0,479698.0,,,,,,,,,1293.0,,376250.0,,,,13707.0,813913.0,,,,,,,,,0.0001,50000000.0,0.0,0.0,,,,,,,,,,,-813913.0,,,,,,-453497.0,,,,,,,,,,,,,,,77350003.0
