end,filed,form,Name,Ticker,CIK,Currency,AccountsPayableAndAccruedLiabilitiesCurrent,AccountsPayableCurrent,AccretionExpense,AdditionalPaidInCapital,AdjustmentsToAdditionalPaidInCapitalConvertibleDebtWithConversionFeature,AmortizationOfDebtDiscountPremium,AmortizationOfFinancingCostsAndDiscounts,Assets,AssetsCurrent,Cash,CashAndCashEquivalentsAtCarryingValue,CashAndCashEquivalentsPeriodIncreaseDecrease,CashCashEquivalentsRestrictedCashAndRestrictedCashEquivalentsPeriodIncreaseDecreaseExcludingExchangeRateEffect,CashCashEquivalentsRestrictedCashAndRestrictedCashEquivalentsPeriodIncreaseDecreaseIncludingExchangeRateEffect,CommitmentsAndContingencies,CommonStockCapitalSharesReservedForFutureIssuance,CommonStockParOrStatedValuePerShare,CommonStockSharesAuthorized,CommonStockSharesIssued,CommonStockSharesOutstanding,CommonStockValue,ContractuallySpecifiedServicingFeesAmount,ConvertibleNotesPayableCurrent,CurrentIncomeTaxExpenseBenefit,DebtInstrumentConvertibleBeneficialConversionFeature,DebtInstrumentInterestRateStatedPercentage,DebtInstrumentUnamortizedDiscountPremiumNet,DeferredTaxAssetsGross,DeferredTaxAssetsLiabilitiesNet,DeferredTaxAssetsNet,DeferredTaxAssetsOperatingLossCarryforwards,DeferredTaxAssetsOperatingLossCarryforwardsDomestic,DeferredTaxAssetsTaxDeferredExpenseReservesAndAccruals,DeferredTaxAssetsValuationAllowance,Depreciation,DepreciationAndAmortization,DerivativeCostOfHedge,DerivativeGainLossOnDerivativeNet,DerivativeGainOnDerivative,DerivativeLiabilities,DerivativeLiabilitiesCurrent,DerivativeLiabilitiesNoncurrent,DueToOfficersOrStockholdersCurrent,DueToOtherRelatedPartiesClassifiedCurrent,DueToRelatedPartiesCurrent,DueToRelatedPartiesCurrentAndNoncurrent,DueToRelatedPartiesNoncurrent,EarningsPerShareBasicAndDiluted,EffectiveIncomeTaxRateContinuingOperations,EffectiveIncomeTaxRateReconciliationAtFederalStatutoryIncomeTaxRate,EffectiveIncomeTaxRateReconciliationChangeInDeferredTaxAssetsValuationAllowance,EffectiveIncomeTaxRateReconciliationNondeductibleExpenseOther,GainLossOnDerivativeInstrumentsNetPretax,GainsLossesOnExtinguishmentOfDebt,GeneralAndAdministrativeExpense,ImpairmentOfOngoingProject,IncomeLossFromContinuingOperationsBeforeIncomeTaxesExtraordinaryItemsNoncontrollingInterest,IncomeTaxExpenseBenefit,IncomeTaxesPaid,IncomeTaxesPaidNet,IncomeTaxReconciliationChangeInDeferredTaxAssetsValuationAllowance,IncomeTaxReconciliationNondeductibleExpense,IncomeTaxReconciliationOtherAdjustments,IncomeTaxReconciliationTaxCreditsOther,IncreaseDecreaseInAccountsPayableAndAccruedLiabilities,IncreaseDecreaseInDueToOtherRelatedPartiesCurrent,IncreaseDecreaseInDueToRelatedParties,InterestExpense,InterestExpenseDebtExcludingAmortization,InterestPaid,InterestPaidNet,InterestPayableCurrent,IssuanceOfStockAndWarrantsForServicesOrClaims,Liabilities,LiabilitiesAndStockholdersEquity,LiabilitiesCurrent,LiabilitiesNoncurrent,LineOfCredit,LoansPayable,LongTermNotesPayable,MineralPropertiesNet,NetCashProvidedByUsedInFinancingActivities,NetCashProvidedByUsedInInvestingActivities,NetCashProvidedByUsedInOperatingActivities,NetIncomeLoss,NetIncomeLossIncludingPortionAttributableToNonredeemableNoncontrollingInterest,NonoperatingIncomeExpense,NotesPayable,NotesPayableCurrent,NotesPayableRelatedPartiesClassifiedCurrent,NotesPayableRelatedPartiesCurrentAndNoncurrent,NotesPayableRelatedPartiesNoncurrent,OperatingExpenses,OperatingIncomeLoss,OperatingLossCarryforwards,OtherNoncashExpense,OtherNoncashIncome,OtherSignificantNoncashTransactionValueOfConsiderationReceived1,PaymentsToAcquireMineralRights,PaymentsToAcquireProductiveAssets,PreferredStockParOrStatedValuePerShare,PreferredStockSharesAuthorized,PrepaidExpenseCurrent,ProceedsFromConvertibleDebt,ProceedsFromIssuanceOfCommonStock,ProceedsFromIssuanceOfUnsecuredDebt,ProceedsFromLoans,ProceedsFromNotesPayable,ProceedsFromOtherDebt,ProceedsFromRelatedPartyDebt,ProceedsFromRepaymentsOfRelatedPartyDebt,ProfessionalFees,ProfitLoss,PropertyPlantAndEquipmentNet,RepaymentsOfConvertibleDebt,RetainedEarningsAccumulatedDeficit,RevenueFromRelatedParties,Revenues,SellingAndMarketingExpense,SellingGeneralAndAdministrativeExpense,ShareBasedGoodsAndNonemployeeServicesTransactionValuationMethodExpectedDividendRate,ShareBasedGoodsAndNonemployeeServicesTransactionValuationMethodExpectedVolatilityRate,ShareBasedGoodsAndNonemployeeServicesTransactionValuationMethodRiskFreeInterestRate,StockholdersEquity,StockholdersEquityIncludingPortionAttributableToNoncontrollingInterest,StockIssued1,StockIssuedDuringPeriodSharesAcquisitions,StockIssuedDuringPeriodSharesIssuedForServices,StockIssuedDuringPeriodSharesNewIssues,StockIssuedDuringPeriodValueAcquisitions,StockIssuedDuringPeriodValueConversionOfConvertibleSecurities,StockIssuedDuringPeriodValueIssuedForServices,StockIssuedDuringPeriodValueNewIssues,StockIssuedDuringPeriodValueOther,StockIssuedDuringPeriodValueRestrictedStockAwardGross,StockIssuedDuringPeriodValueShareBasedCompensation,ValuationAllowanceDeferredTaxAssetChangeInAmount,WeightedAverageNumberOfShareOutstandingBasicAndDiluted,AccountsPayableCurrentAndNoncurrent,AntidilutiveSecuritiesExcludedFromComputationOfEarningsPerShareAmount,ConvertibleNotesPayable,DebtConversionConvertedInstrumentAmount1,OtherGeneralAndAdministrativeExpense,ProceedsFromLinesOfCredit,SaleOfStockConsiderationReceivedPerTransaction,SaleOfStockNumberOfSharesIssuedInTransaction,SharesIssued
2014-09-30,2015-06-01,10-Q,"Palayan Resources, Inc.",PLYN,CIK0001612851,USD,3000.0,,,,,,,10936.0,5936.0,5936.0,,,,,,,0.001,75000000.0,30000000.0,30000000.0,30000.0,,,,,,,,,,,,,,,,,,,,,,,,,,,0.0,,,,,,,1181.0,,,,,,,,,,,,,,,,,,,3000.0,10936.0,,,,,,5000.0,,,,-14181.0,,,,,,,,14181.0,,,,,,,,,,,,,,,,,,,13000.0,,,,-22064.0,,0.0,,,,,,7936.0,,,,,,,,,,,,,,30000000.0,,,,,,,,,
2014-12-31,2015-06-01,10-Q,"Palayan Resources, Inc.",PLYN,CIK0001612851,USD,3000.0,,,,,,,12754.0,7754.0,7754.0,,,,,,,0.001,75000000.0,30000000.0,30000000.0,30000.0,,,,,,,,,,,,,,,,,,,,,,,,15000.0,,,0.0,,,,,,,1182.0,,,,,,,,,,,,,,,,,,,18000.0,12754.0,,,,,,5000.0,,,,-13182.0,,,,,,,,13182.0,,,,,,,,,,,,,,,,,,,12000.0,,,,-35246.0,,0.0,,,,,,-5246.0,,,,,,,,,,,,,,30000000.0,,,,,,,,,
2015-03-31,2015-07-23,10-K,"Palayan Resources, Inc.",PLYN,CIK0001612851,USD,4500.0,,,,,,,12655.0,7655.0,7655.0,,-16606.0,,,,,0.001,75000000.0,30000000.0,30000000.0,30000.0,,,,,,,,,,,,,,,,,,,,,,,,15000.0,,,0.0,,,,,,,4106.0,0.0,,,0.0,,,,,,4500.0,,,,,0.0,,,,19500.0,12655.0,,,,,,5000.0,15000.0,0.0,-31606.0,-36106.0,,,,,,,,36106.0,,,,,,0.0,,,,,,0.0,,,,,15000.0,,32000.0,,,,-36845.0,,0.0,,,,,,-6845.0,,,,,,,,,,,,,,30000000.0,,,,,,,,,
2015-06-30,2015-08-28,10-Q,"Palayan Resources, Inc.",PLYN,CIK0001612851,USD,11000.0,,,,,,,11258.0,6258.0,6258.0,,-1397.0,,,,,0.001,75000000.0,30000000.0,30000000.0,30000.0,,,,,,,,,,,,,,,,,,,,,,,,25000.0,,,0.0,,,,,,,2847.0,,,,0.0,,,,,,6500.0,,,,,0.0,,,,36000.0,11258.0,,,,,,5000.0,10000.0,,-11397.0,-17897.0,,,,,,,,17897.0,,,,,,,,,,,,,,,,,10000.0,,15050.0,,,,-54742.0,,0.0,,,,,,-24742.0,,,,,,,,,,,,,,30000000.0,,,,,,,,,
2015-09-30,2015-11-16,10-Q,"Palayan Resources, Inc.",PLYN,CIK0001612851,USD,3000.0,,,,,,,10849.0,5849.0,5849.0,,,,,,,0.001,75000000.0,30000000.0,30000000.0,30000.0,,,,,,,,,,,,,,,,,,,,,,,,40000.0,,,0.0,,,,,,,3909.0,,,,,,,,,,,,,,,,,,,43000.0,10849.0,,,,,,5000.0,,,,-7409.0,,,,,,,,7409.0,,,,,,,,,,,,,,,,,,,3500.0,,,,-62151.0,,0.0,,,,,,-32151.0,,,,,,,,,,,,,,30000000.0,,,,,,,,,
2015-12-31,2016-03-03,10-Q,"Palayan Resources, Inc.",PLYN,CIK0001612851,USD,0.0,,,,,,,11349.0,6349.0,6349.0,,,,,,,0.001,75000000.0,30000000.0,30000000.0,30000.0,,,,,,,,,,,,,,,,,,,,,,,,50000.0,,,0.0,,,,,,,1500.0,,,,,,,,,,,,,,,,,,,50000.0,11349.0,,,,,,5000.0,,,,-6500.0,,,,,,,,6500.0,,,,,,,,,,,,,,,,,,,5000.0,,,,-68651.0,,0.0,,,,,,-38651.0,,,,,,,,,,,,,,30000000.0,,,,,,,,,
2016-03-31,2016-06-29,10-K,"Palayan Resources, Inc.",PLYN,CIK0001612851,USD,1500.0,,,,,,,1674.0,1674.0,1674.0,,-5981.0,,,,,0.001,75000000.0,30000000.0,30000000.0,30000.0,,,,,,,,,,,,,,,,,,,,,,,,50000.0,,,0.0,,,,,,,9431.0,5000.0,,,0.0,,,,,,-3000.0,,,,,0.0,,,,51500.0,1674.0,,,,,,0.0,35000.0,,-40981.0,-42981.0,,,,,,,,42981.0,,,,,,,,,,,,,,,,,35000.0,,28550.0,,,,-79826.0,,0.0,,,,,,-49826.0,,,,,,,,,,,,,,30000000.0,,,,,,,,,
2016-06-30,2016-08-15,10-Q,"Palayan Resources, Inc.",PLYN,CIK0001612851,USD,6998.0,,,,,,,11174.0,,11174.0,,9500.0,,,,,0.001,75000000.0,30000000.0,30000000.0,30000.0,,,,,,,,,,,,,,,,,,,,,,,,65000.0,,,0.0,,,,,,,1498.0,,,,0.0,,,,,,5498.0,,,,,0.0,,,,71998.0,11174.0,,,,,,,15000.0,,-5500.0,-10998.0,,,,,,,,10998.0,,,,,,,,,,,,,,,,,15000.0,,9500.0,,,,-90824.0,,0.0,,,,,,-60824.0,,,,,,,,,,,,,,30000000.0,,,,,,,,,
2016-09-30,2016-11-10,10-Q,"Palayan Resources, Inc.",PLYN,CIK0001612851,USD,910.0,,,,,,,7535.0,,7535.0,,,,,,,0.001,75000000.0,30000000.0,30000000.0,30000.0,,,,,,,,,,,,,,,,,,,,,,,,75000.0,,,0.0,,,,,,,2551.0,,,,,,,,,,,,,,,,,,,75910.0,7535.0,,,,,,,,,,-7551.0,,,,,,,,7551.0,,,,,,,,,,,,,,,,,,,5000.0,,,,-98375.0,,0.0,,,,,,-68375.0,,,,,,,,,,,,,,30000000.0,,,,,,,,,
2016-12-31,2017-02-14,10-Q,"Palayan Resources, Inc.",PLYN,CIK0001612851,USD,0.0,,,,,,,2465.0,,2465.0,,,,,,,0.001,75000000.0,30000000.0,30000000.0,30000.0,,,,,,,,,,,,,,,,,,,,,,,,75000.0,,,0.0,,,,,,,1160.0,,,,,,,,,,,,,,,,,,,75000.0,2465.0,,,,,,,,,,-4160.0,,,,,,,,4160.0,,,,,,,,,,,,,,,,,,,3000.0,,,,-102535.0,,0.0,,,,,,-72535.0,,,,,,,,,,,,,,30000000.0,,,,,,,,,
2017-03-31,2017-06-30,10-K,"Palayan Resources, Inc.",PLYN,CIK0001612851,USD,0.0,,,,,,,8276.0,,8276.0,,6602.0,,,,,0.001,75000000.0,30000000.0,30000000.0,30000.0,,,9145.0,,,,,,0.0,,34586.0,,34586.0,,,,,,,,,,,85000.0,,,0.0,,0.34,,,,,6398.0,0.0,26898.0,0.0,0.0,,,,,0.0,-1500.0,,,,,0.0,,,,85000.0,8276.0,,,,,,,35000.0,,-28398.0,-26898.0,,,,,,,,26898.0,,,,,,,,,,,,,,,,,35000.0,,20500.0,,,,-106724.0,,0.0,,,,,,-76724.0,-76724.0,,,,,,,,,,,,-9145.0,30000000.0,,,,,,,,,
2017-06-30,2017-08-18,10-Q,"Palayan Resources, Inc.",PLYN,CIK0001612851,USD,5624.0,,,,,,,2770.0,,2770.0,,-5506.0,,,,,0.001,75000000.0,30000000.0,30000000.0,30000.0,,,,,,,,,,,,,,,,,,,,,,,,85000.0,,,0.0,,,,,,,1489.0,,,,0.0,,,,,,5624.0,,,,,0.0,,,,90624.0,2770.0,,,,,,,0.0,,-5506.0,-11130.0,,,,,,,,11130.0,,,,,,,,,,,,,,,,,0.0,,9641.0,,,,-117854.0,,0.0,,,,,,-87854.0,,,,,,,,,,,,,,30000000.0,,,,,,,,,
2017-09-30,2017-11-14,10-Q,"Palayan Resources, Inc.",PLYN,CIK0001612851,USD,,,,,,,,2062.0,,2062.0,,,,,,,0.001,75000000.0,30000000.0,30000000.0,30000.0,,,,,,,,,,,,,,,,,,,,,,,,95000.0,,,0.0,,,,,,,2084.0,,,,,,,,,,,,,,,,,,,95000.0,2062.0,,,,,,,,,,-5084.0,,,,,,,,5084.0,,,,,,,,,,,,,,,,,,,3000.0,,,,-122938.0,,0.0,,,,,,-92938.0,,,,,,,,,,,,,,30000000.0,,,,,,,,,
2017-12-31,2018-02-14,10-Q,"Palayan Resources, Inc.",PLYN,CIK0001612851,USD,,,,,,,,4646.0,,4646.0,,,,,,,0.001,75000000.0,30000000.0,30000000.0,30000.0,,,,,,,,,,,,,,,,,,,,,,,,117000.0,,,0.0,,0.34,,,,,13205.0,,,,,,,,,,,,,,,,,,,117000.0,4646.0,,,,,,,,,,-19416.0,,,,,,,,19416.0,,,,,,,,,,,,,,,,,,,6211.0,,,,-142354.0,,0.0,,13205.0,,,,-112354.0,,,,,,,,,,,,,,30000000.0,,,,,,,,,
2018-03-31,2018-07-02,10-K,"Palayan Resources, Inc.",PLYN,CIK0001612851,USD,1500.0,1500.0,,,,,,1918.0,,1918.0,1918.0,-6358.0,,,,,0.001,75000000.0,30000000.0,30000000.0,30000.0,,,12274.0,,,,29732.0,,0.0,,29732.0,,29732.0,,,,,,,,,,,117000.0,117000.0,,0.0,,0.21,,,,,18006.0,,39858.0,0.0,0.0,,,,,17128.0,1500.0,,,,,0.0,,,,118500.0,1918.0,,,,,,,32000.0,,-38358.0,-39858.0,-39858.0,,,,,,,39858.0,-39858.0,141582.0,,,,,,,,,,,,32000.0,,,32000.0,,21852.0,,,,-146582.0,,0.0,,18006.0,,,,-116582.0,116582.0,,,,,,,,,,,,4854.0,30000000.0,,,,,,,,,
2018-06-30,2018-08-17,10-Q,"Palayan Resources, Inc.",PLYN,CIK0001612851,USD,4308.0,,,,,,,4418.0,,4418.0,,2500.0,,,,,0.001,75000000.0,30000000.0,30000000.0,30000.0,0.0,,,,,,,,,,,,,,,,,,,,,,,134500.0,,,0.0,,,,,,,10875.0,,,,0.0,,,,,,2808.0,,,0.0,,0.0,,,,138808.0,4418.0,,,,,,,17500.0,,-15000.0,-17808.0,-17808.0,,,,,,,17808.0,-17808.0,,,,,,,,,,,,,,,,17500.0,,6933.0,,,,-164390.0,,0.0,,10875.0,,,,-134390.0,-134390.0,,,,,,,,,,,,,30000000.0,,,,,,,,,
2018-09-30,2018-11-14,10-Q,"Palayan Resources, Inc.",PLYN,CIK0001612851,USD,4675.0,,,,,,,2111.0,,2111.0,2111.0,,,,,,0.001,75000000.0,30000000.0,30000000.0,30000.0,0.0,,,,,,,,,,,,,,,,,,,,,,,137500.0,,,0.0,,,,,,,2114.0,,,,,,,,,,,,,0.0,,,,,,142175.0,2111.0,,,,,,,,,,-5674.0,-5674.0,,,,,,,5674.0,-5674.0,,,,,,,,,,,,,,,,,,3560.0,,,,-170064.0,,0.0,,2114.0,,,,-140064.0,-140064.0,,,,,,,,,,,,,30000000.0,,,,,,,,,
2018-12-31,2019-04-10,10-Q,"Palayan Resources, Inc.",PLYN,CIK0001612851,USD,2677.0,,,,,,,2111.0,,,2111.0,,,,,,0.001,75000000.0,30000000.0,30000000.0,30000.0,0.0,,,,0.0,,,,,,,,,,,,,,,,,,,,144175.0,,0.0,,,,,,,,,,,,,,,,,,,,0.0,,,,,,146852.0,2111.0,,,,,,,,,,-4677.0,-4677.0,,,,,,,4677.0,-4677.0,,,,,,,,,,,,,,,,,,3500.0,,,,-174741.0,,0.0,,1177.0,,,,-144741.0,-144741.0,,,,,,,,,,,,,30000000.0,,,,,,,,,
2019-03-31,2019-09-03,10-K,"Palayan Resources, Inc.",PLYN,CIK0001612851,USD,6184.0,6184.0,,0.0,,,,2111.0,,,2111.0,193.0,,,,,0.001,500000000.0,30000000.0,30000000.0,30000.0,,,,,0.0,,36382.0,0.0,0.0,36382.0,,,36382.0,,,,,,,,,,,,144175.0,0.0,0.0,,0.21,,,,,,,-31666.0,0.0,,,6650.0,,-6650.0,,4684.0,,,,,,,,,150359.0,2111.0,,,,0.0,,,20500.0,,-20307.0,-31666.0,-31666.0,,,,,,,31666.0,-31666.0,,6675.0,,,,,,,,,,,20500.0,,,,20500.0,17493.0,,,,-178248.0,,0.0,,14173.0,,,,-148248.0,-148248.0,,,,,,,,,,,,,30000000.0,,,,,,,,,
2019-06-30,2019-09-11,10-Q,"Palayan Resources, Inc.",PLYN,CIK0001612851,USD,13883.0,,,,,,,2221.0,,,2221.0,,,110.0,,,0.001,75000000.0,30000000.0,30000000.0,30000.0,-8500.0,,,,,,,,,,,,,,,,,,,,,,,,147830.0,,0.0,,,,,,,,,,,,,,,,,7699.0,3655.0,,64.0,,,,,,166713.0,2221.0,,,,5000.0,,,5000.0,,-4890.0,-16244.0,-16244.0,,,,,,,16180.0,-16180.0,,,,,,,,,,,,5000.0,,,,,,6500.0,,,,-194492.0,,,,1180.0,,,,-164492.0,-164492.0,,,,,,,,,,,,,30000000.0,,,,,,,,,
2019-09-30,2019-11-18,10-Q,"Palayan Resources, Inc.",PLYN,CIK0001612851,USD,8527.0,,,,,,,1014.0,,,1014.0,,,,,,0.001,75000000.0,30000000.0,30000000.0,30000.0,-12000.0,,,,,,,,,,,,,0.0,,,,,,,,,,,170080.0,,0.0,,,,,,,17975.0,,-18101.0,,,,,,,,,,,126.0,,,,,,183607.0,1014.0,,,,5000.0,,,,,,-18101.0,-18101.0,,,,,,,17975.0,-17975.0,,,,,,,,,,,,,,,,,,4750.0,,,,-212593.0,,,,1225.0,,,,-182593.0,-182593.0,,,,,,,,,,,,,30000000.0,,,,,,,,,
2019-12-31,2020-02-18,10-Q,"Palayan Resources, Inc.",PLYN,CIK0001612851,USD,10922.0,,,3043.0,3043.0,,,1054.0,,,1054.0,,,,,,0.001,75000000.0,30000000.0,30000000.0,30000.0,-12000.0,,,,,,,,,,,,,0.0,,,,,,,,,,,182080.0,931.0,0.0,,,,,,,17243.0,,-18329.0,,,,,,,,,,,1086.0,,,,,,198933.0,1054.0,,,,5000.0,,,,,,-18329.0,-18329.0,-1086.0,,,,,,17243.0,-17243.0,,,,,,,,,,,,,,,,,,3500.0,,,,-230922.0,,,,1743.0,,,,-197879.0,-197879.0,,,,,,,,,,,,,30000000.0,,,,,,,,,
2020-03-31,2020-08-05,10-K,"Palayan Resources, Inc.",PLYN,CIK0001612851,USD,6645.0,,3039.0,13019.0,3039.0,3039.0,,77.0,77.0,,77.0,-2034.0,,-2034.0,,0.0,0.001,500000000.0,30020000.0,30020000.0,30020.0,,,,3039.0,,,,0.0,,51114.0,,,51114.0,,,,,,,,,163830.0,,,163830.0,,0.0,0.0,0.21,-0.201,-0.009,,,68870.0,,-73189.0,0.0,,,14732.0,638.0,-15370.0,,461.0,27405.0,27405.0,1280.0,1280.0,,690.0,,,208475.0,77.0,208475.0,,,38000.0,,,29886.0,,-31920.0,-73189.0,,-4319.0,38000.0,38000.0,,,38000.0,68870.0,-68870.0,243398.0,2250.0,,3039.0,,,0.001,100000000.0,,2925.0,,30000.0,,,30000.0,2925.0,,18750.0,,,3039.0,-251437.0,,,,7120.0,,,,-208398.0,,10000.0,,,,,10000.0,,,,,,14732.0,30000329.0,,,,,,,,,
2020-06-30,2020-09-22,10-Q,"Palayan Resources, Inc.",PLYN,CIK0001612851,USD,29916.0,,,26059.0,,0.0,,31489.0,,,15489.0,,15412.0,15412.0,,,0.001,500000000.0,34366758.0,34366758.0,34367.0,,,,,,,,,,,,,,0.0,,0.0,,,,,,,,,186330.0,,0.0,,,,,,,60710.0,,-61746.0,0.0,,0.0,,,,,23271.0,22500.0,22500.0,1036.0,1036.0,,0.0,,1387.0,284246.0,31489.0,,,,68000.0,,,30000.0,,-14588.0,-61746.0,,-1036.0,,,,,,60710.0,-60710.0,,,,,,,,,16000.0,,,30000.0,,,,,,25500.0,-61746.0,,,-313183.0,,,0.0,5299.0,,,,-252757.0,,16000.0,4000000.0,,,16000.0,,1387.0,,,,,,31012692.0,,,,,,,,,
2020-09-30,2020-11-23,10-Q,"Palayan Resources, Inc.",PLYN,CIK0001612851,USD,39379.0,,,49481.0,18432.0,0.0,,6836.0,5925.0,,5925.0,,,,,,0.001,500000000.0,34376758.0,34376758.0,34377.0,,,,18432.0,,16715.0,,,,,,,,0.0,,,0.0,,,,,186330.0,,,,,0.0,,,,,,,108494.0,,-116433.0,0.0,,,,,,,,,,2823.0,2823.0,,,,,352594.0,6836.0,319309.0,33285.0,,,33285.0,,,,,-116433.0,,-2823.0,101285.0,68000.0,25600.0,25600.0,,113610.0,-113610.0,,,,,,,0.001,100000000.0,,,,,,,,,,,-116433.0,911.0,,-429616.0,,,5116.0,,,,,-345758.0,,,,,10000.0,,,,5000.0,,,5000.0,,34376649.0,,,,,,,,,
2020-12-31,2021-02-12,10-Q,"Palayan Resources, Inc.",PLYN,CIK0001612851,USD,9314.0,,,196981.0,,0.0,,22643.0,22015.0,,22015.0,,,,,,0.001,500000000.0,34376758.0,34376758.0,34377.0,,,,,,,,,,,,,,283.0,,,-53746.0,,189372.0,,189372.0,146425.0,,,,,-0.01,,,,,-53746.0,0.0,200224.0,,-259971.0,0.0,,,,,,,,,,4245.0,4245.0,,,7872.0,,478372.0,22643.0,249339.0,229033.0,,,39661.0,,,,,-259971.0,,-57991.0,107661.0,68000.0,25600.0,25600.0,,201980.0,-201980.0,,,,,,,0.001,100000000.0,,,,,,,,,,,-259971.0,628.0,,-689587.0,,,1756.0,,,,,-455729.0,,,,,,16000.0,,150000.0,,,,,,34376649.0,,,,,31000.0,,,,
2021-03-31,2021-07-12,10-K,"Palayan Resources, Inc.",PLYN,CIK0001612851,USD,5168.0,,,388049.0,36000.0,74319.0,,99755.0,98889.0,,98889.0,,,98812.0,0.0,201451.0,0.001,500000000.0,35973557.0,35973557.0,34377.0,,0.0,,36000.0,,-225884.0,,,,143860.0,,2676.0,146536.0,258.0,,58082.0,,,322285.0,0.0,322285.0,,0.0,0.0,0.0,,-0.01,0.0,0.21,-0.207,-0.034,-58082.0,126291.0,433903.0,,-460504.0,,,,,,,,7683.0,,-17405.0,,12741.0,,,,152193.0,386569.0,99755.0,30168.0,356401.0,260000.0,,34116.0,,395600.0,-1123.0,-295665.0,-460504.0,,-18851.0,34116.0,0.0,25000.0,25000.0,0.0,441653.0,-441653.0,685051.0,,,,,1123.0,0.001,100000000.0,,,5000.0,340000.0,,,,50600.0,,,,866.0,,-711941.0,,,7750.0,,,,,-286814.0,,,,,,16000.0,,150000.0,5000.0,,,,95422.0,33543005.0,,,34116.0,,,,,,
2021-06-30,2021-08-16,10-Q,"Palayan Resources, Inc.",PLYN,CIK0001612851,USD,9976.0,,,392234.0,,40682.0,,36182.0,35409.0,,35409.0,,-63480.0,,,0.0,0.001,500000000.0,35973557.0,35973557.0,35974.0,,,,,,-180411.0,,,,,,,,93.0,,14165.0,,,336450.0,,336450.0,,,,,,0.0,,,,,,,73128.0,,-133600.0,0.0,,0.0,,,,,9599.0,,0.0,,5186.0,,0.0,,5581.0,451015.0,36182.0,34976.0,416039.0,260000.0,,79589.0,,0.0,,-63480.0,-133600.0,,-60033.0,79589.0,,25000.0,25000.0,,73567.0,-73567.0,,,,,,,0.001,100000000.0,,,,0.0,,,,,,,-133600.0,773.0,,-845541.0,,,439.0,,0.0,1.95,0.0007,-414833.0,,0.0,,,,,,5581.0,,,5581.0,,,35728221.0,,,,,,,,,
2021-09-30,2021-11-10,10-Q,"Palayan Resources, Inc.",PLYN,CIK0001612851,USD,29900.0,,,392234.0,,41914.0,,976.0,298.0,,298.0,,,,0.0,0.0,0.001,500000000.0,35973557.0,35973557.0,35974.0,,121502.0,,,,-138498.0,,,,,,,,95.0,,,91068.0,91068.0,245382.0,245382.0,0.0,,20500.0,20500.0,,,0.0,,,,,,,68701.0,,-26475.0,0.0,,,,,,,,,,,6599.0,,,,,442284.0,976.0,442284.0,0.0,260000.0,,0.0,,,,,-26475.0,,42555.0,121502.0,121502.0,25000.0,25000.0,0.0,69030.0,-69030.0,,,,,,,0.001,100000000.0,,,,,,,,,,,-26475.0,678.0,,-872016.0,,,329.0,,,,,-441308.0,,,,,,,,,,,,,,35973557.0,,,,,,,,,
2021-12-31,2022-02-14,10-Q,"Palayan Resources, Inc.",PLYN,CIK0001612851,USD,28273.0,,,461031.0,,41914.0,,1166.0,582.0,,582.0,,,,,0.0,0.001,500000000.0,37376891.0,37376891.0,37377.0,,163416.0,,,,-96584.0,,,,,,,,94.0,,,35747.0,35747.0,209635.0,209635.0,0.0,,4000.0,,4000.0,,0.0,,,,,,14000.0,59681.0,,-58050.0,0.0,,,,,,,,,,,5873.0,,,,,430324.0,1166.0,430324.0,0.0,260000.0,,0.0,,,,,-58050.0,,1960.0,163416.0,163416.0,25000.0,25000.0,0.0,60010.0,-60010.0,,,,,,,0.001,100000000.0,,,,,,,,,,,-58050.0,584.0,,-930066.0,,,329.0,,,,,-429158.0,,,,,1153334.0,,,,,,,,,35973557.0,15000.0,,0.0,69200.0,,,,,250000.0
