end,filed,form,Name,Ticker,CIK,Currency,AccountsPayableOtherCurrent,AccruedProfessionalFeesCurrent,AccumulatedOtherComprehensiveIncomeLossForeignCurrencyTranslationAdjustmentNetOfTax,Assets,AssetsCurrent,Cash,Cash,CashAndCashEquivalentsAtCarryingValue,CashAndCashEquivalentsPeriodIncreaseDecrease,CashCashEquivalentsRestrictedCashAndRestrictedCashEquivalents,CashCashEquivalentsRestrictedCashAndRestrictedCashEquivalentsPeriodIncreaseDecreaseIncludingExchangeRateEffect,CommonStockDividendsPerShareCashPaid,CommonStockNoParValue,CommonStockShareSubscribedButUnissuedSubscriptionsReceivable,CommonStockSharesAuthorized,CommonStockSharesIssued,CommonStockSharesOutstanding,CommonStockValue,ComprehensiveIncomeNetOfTax,CumulativeTranslationAdjustmentNetOfTaxPeriodIncreaseDecrease,CurrentFederalTaxExpenseBenefit,DueFromBanks,DueToRelatedPartiesCurrent,EarningsPerShareBasicAndDiluted,EffectOfExchangeRateOnCash,EffectOfExchangeRateOnCashAndCashEquivalents,EffectOfExchangeRateOnCashCashEquivalentsRestrictedCashAndRestrictedCashEquivalents,ForeignCurrencyTransactionGainLossUnrealized,IncomeTaxExpenseBenefit,IncreaseDecreaseInAccruedInterestReceivableNet,IncreaseDecreaseInAccruedInvestmentIncomeReceivable,IncreaseDecreaseInDueToRelatedPartiesCurrent,IncreaseInCarryingAmountOfRedeemablePreferredStock,InterestBearingDepositsInBanks,InterestBearingDepositsInBanks,InterestPaid,InterestPaidNet,InterestReceivableCurrent,InvestmentIncomeInterest,InvestmentInterestRate,Liabilities,LiabilitiesAndStockholdersEquity,LiabilitiesCurrent,NetCashProvidedByUsedInFinancingActivities,NetCashProvidedByUsedInFinancingActivitiesContinuingOperations,NetCashProvidedByUsedInOperatingActivities,NetCashProvidedByUsedInOperatingActivitiesContinuingOperations,NetIncomeLoss,OperatingExpenses,OtherAccruedLiabilitiesCurrent,OtherComprehensiveIncomeForeignCurrencyTransactionAndTranslationAdjustmentNetOfTaxPeriodIncreaseDecrease,OtherComprehensiveIncomeLossForeignCurrencyTransactionAndTranslationAdjustmentNetOfTax,OtherNonrecurringExpense,PaymentsForOperatingActivities,PaymentsForOperatingActivities,PaymentsForRepurchaseOfRedeemablePreferredStock,PaymentsForRepurchaseOfRedeemablePreferredStock,PaymentsOfDividends,ProceedsFromIssuanceOfRedeemablePreferredStock,ProceedsFromIssuanceOfRedeemablePreferredStock,ProceedsFromOperatingActivities,ReclassificationsOfTemporaryToPermanentEquity,RedeemableNoncontrollingInterestEquityCarryingAmount,RelatedPartyTransactionRate,RetainedEarningsAccumulatedDeficit,Revenues,SponsorFees,StockIssuedDuringPeriodSharesIssuedForCash,StockIssuedDuringPeriodValueIssuedForCash,StockRedeemedOrCalledDuringPeriodShares,StockRedeemedOrCalledDuringPeriodValue,TemporaryEquityForeignCurrencyTranslationAdjustments,TemporaryEquitySharesAuthorized,TemporaryEquitySharesIssued,TemporaryEquitySharesOutstanding,TemporaryEquityStockIssuedDuringPeriodValueNewIssues,WeightedAverageNumberOfShareOutstandingBasicAndDiluted
2008-10-31,2009-01-14,10-K,Invesco CURRENCYSHARES BRITISH POUND STERLING TRUST,FXB,CIK0001353611,USD,,,,,,,,113109689.0,,,,,,,,,,,,,,,,,,,,,,,,,,,,,,,,,,,,,,,,,,,,,,,,,,,,,,,,,,,,,,,,,,,,,
2009-10-31,2010-01-14,10-K,Invesco CURRENCYSHARES BRITISH POUND STERLING TRUST,FXB,CIK0001353611,USD,,,,,,,,139827043.0,26717354.0,,,0.72,,,,,850000.0,139786516.0,-91431.0,,,,,-0.09,,3771941.0,,3311.0,,9853.0,-891389.0,,,,,,,,442286.0,,,,,22565550.0,,379863.0,,-76195.0,518481.0,,-15236.0,,,,511526.0,,246906124.0,625429.0,,270097103.0,,,,,,442286.0,518481.0,,,,,,,,,,
2010-07-31,2010-09-09,10-Q,Invesco CURRENCYSHARES BRITISH POUND STERLING TRUST,FXB,CIK0001353611,USD,,,,,,,,124750630.0,,,,,,,,,,,-86137.0,,,,,-0.11,,,,,,,,,,,,,,,34169.0,,,,,,,,,-81990.0,116159.0,,-4147.0,,,,,,,,,,,,,,,34169.0,116159.0,,,,,,,,,,
2010-10-31,2011-01-14,10-K,Invesco CURRENCYSHARES BRITISH POUND STERLING TRUST,FXB,CIK0001353611,USD,,,,,111381194.0,,,111364930.0,-28462113.0,,,,,,13000000.0,700000.0,700000.0,111336567.0,-370408.0,-3975.0,,,,-0.45,,-4850332.0,,-2278.0,,16264.0,-131026.0,,366433.0,69655423.0,111364930.0,,,16264.0,137295.0,,,111381194.0,44627.0,-23235462.0,,-376319.0,,-366433.0,503728.0,44627.0,-3975.0,-3975.0,,,507345.0,,255726018.0,,,232490556.0,,,,,,137295.0,503728.0,1500000.0,232490556.0,1650000.0,-255726018.0,,,,,,811233.0
2011-01-31,2011-03-11,10-Q,Invesco CURRENCYSHARES BRITISH POUND STERLING TRUST,FXB,CIK0001353611,USD,,,,,,,,135384222.0,24019292.0,,,,,,,,,,-87223.0,,,,,-0.1,,564081.0,,54.0,,15614.0,-48616.0,,,,,,,,47946.0,,,,,23541080.0,,-85869.0,,-85908.0,133854.0,,-1315.0,-1315.0,,,134485.0,,47063365.0,,,70604445.0,,,,,,47946.0,133854.0,,,,,,,,,,847826.0
2011-04-30,2011-06-09,10-Q,Invesco CURRENCYSHARES BRITISH POUND STERLING TRUST,FXB,CIK0001353611,USD,,,,,,,,140891670.0,,,,,,,,,,,-85007.0,,,,,-0.1,,,,,,,,,,,,,,,48497.0,,,,,,,,,-82645.0,131142.0,,,-2362.0,,,,,,,,,,,,,,48497.0,131142.0,,,,,,,,,,832584.0
2011-07-31,2011-09-09,10-Q,Invesco CURRENCYSHARES BRITISH POUND STERLING TRUST,FXB,CIK0001353611,USD,,,,,97833760.0,,,97818937.0,,,,,,,13000000.0,600000.0,600000.0,97796779.0,-78001.0,,,,,-0.1,,,,,,,,,,,97818937.0,,,14823.0,50099.0,,,97833760.0,36981.0,,,,,-77151.0,127250.0,36981.0,-850.0,-850.0,,,,,,,,,,,,,,50099.0,127250.0,,,,,,,,,,778804.0
2011-10-31,2012-01-13,10-K,Invesco CURRENCYSHARES BRITISH POUND STERLING TRUST,FXB,CIK0001353611,USD,,,,,96146041.0,,,96130250.0,-15234680.0,,,,,,13000000.0,600000.0,600000.0,96109435.0,-372011.0,,,,,-0.48,,974034.0,,-258.0,,-15791.0,-192979.0,,,59556535.0,96130250.0,,,15791.0,238232.0,,,96146041.0,36606.0,-15894925.0,,-313789.0,,-366262.0,604494.0,36606.0,-5138.0,-5749.0,,,506768.0,,135533965.0,,,119639040.0,,,,,,238232.0,604494.0,750000.0,119639040.0,850000.0,135533965.0,,,,,,1443861.0
2012-01-31,2012-03-12,10-Q,Invesco CURRENCYSHARES BRITISH POUND STERLING TRUST,FXB,CIK0001353611,USD,,,,,93935945.0,,,93924712.0,-2205538.0,,,,,,13000000.0,600000.0,600000.0,93904126.0,-60921.0,,,,,-0.1,,-2147527.0,,-463.0,,11233.0,-40946.0,,,,93924712.0,,,11233.0,36779.0,,,93935945.0,31819.0,2114.0,,-60125.0,,-60359.0,97138.0,31819.0,-562.0,-562.0,,,101071.0,,7755620.0,,,7757734.0,,,,,,36779.0,97138.0,,,,,,,,,,622826.0
2012-04-30,2012-06-11,10-Q,Invesco CURRENCYSHARES BRITISH POUND STERLING TRUST,FXB,CIK0001353611,USD,,,,,104646020.0,,,104635691.0,,,,,,,13000000.0,650000.0,600000.0,104610310.0,-66988.0,,,,,-0.11,,,,,,,,,,,104635691.0,,,10329.0,28519.0,,,104646020.0,35710.0,,,,,-65497.0,94016.0,35710.0,,-1491.0,,,,,,,,,,,,,,28519.0,94016.0,,,,,,,,,,606667.0
2012-07-31,2012-09-10,10-Q,Invesco CURRENCYSHARES BRITISH POUND STERLING TRUST,FXB,CIK0001353611,USD,,,,,85372859.0,,,85366005.0,,,,,,,13000000.0,550000.0,600000.0,85343940.0,-68472.0,,,,,-0.11,,,,,,,,,,54484340.0,85366005.0,,,6854.0,25715.0,,,85372859.0,28919.0,,,,,-68551.0,94266.0,28919.0,,79.0,,,,,,,,,,,,,,25715.0,94266.0,,,,,,,,,,602174.0
2012-10-31,2013-01-14,10-K,Invesco CURRENCYSHARES BRITISH POUND STERLING TRUST,FXB,CIK0001353611,USD,,,,,71763381.0,,,71759412.0,-24370838.0,,,0.0,0.0,,13000000.0,300000.0,450000.0,71738811.0,-334417.0,-2572.0,,,,-0.5800000000000001,,-659884.0,,92.0,,-3969.0,-116470.0,,-262827.0,44542000.0,71759412.0,,,3969.0,118333.0,,,71763381.0,24570.0,-23448005.0,,-262949.0,,-331247.0,449580.0,24570.0,,-3170.0,,,379419.0,,62590899.0,,,39142894.0,,,,,,118333.0,449580.0,250000.0,39142894.0,400000.0,62590899.0,,,,,,1101829.0
2013-01-31,2013-03-08,10-Q,Invesco CURRENCYSHARES BRITISH POUND STERLING TRUST,FXB,CIK0001353611,USD,,,,,70559880.0,,,70557575.0,-1201837.0,,,0.0,,,13000000.0,450000.0,450000.0,70537201.0,-59122.0,613.0,,,,-0.14,,-1139688.0,,327.0,,-2305.0,-10818.0,,-59735.0,44503203.0,70557575.0,,,2305.0,9200.0,,,70559880.0,22679.0,-2514.0,,-59635.0,,-59735.0,68935.0,22679.0,,613.0,,,70453.0,,23763162.0,,,23760648.0,,,,,,9200.0,68935.0,150000.0,23760648.0,150000.0,23763162.0,,,,,,434783.0
2013-04-30,2013-06-07,10-Q,Invesco CURRENCYSHARES BRITISH POUND STERLING TRUST,FXB,CIK0001353611,USD,,,,,92279139.0,,,92274276.0,,,,0.0,,,13000000.0,600000.0,600000.0,92250491.0,-59861.0,,,,,-0.12,,,,,,,,,,59286961.0,92274276.0,,,4863.0,10999.0,,,92279139.0,28648.0,,,,,-58853.0,69852.0,28648.0,,-1008.0,,,,,,,,,,,,,,10999.0,69852.0,,,,,,,,,,475281.0
2013-07-31,2013-09-06,10-Q,Invesco CURRENCYSHARES BRITISH POUND STERLING TRUST,FXB,CIK0001353611,USD,,,,,67359466.0,,,67355936.0,,,,0.0,0.0,,13000000.0,450000.0,450000.0,67336422.0,-64456.0,,,,,-0.13,,,,,,,,,,44428582.0,67355936.0,,,3530.0,11763.0,,,67359466.0,23044.0,,,,,-66076.0,77839.0,23044.0,,620.0,,,,,,,,,,,,,,11763.0,77839.0,,,,,,,,,,509239.0
2013-10-31,2014-01-14,10-K,Invesco CURRENCYSHARES BRITISH POUND STERLING TRUST,FXB,CIK0001353611,USD,,,0.0,,47547449.0,,,47544974.0,-24214438.0,,,0.0,0.0,,13000000.0,300000.0,300000.0,47531299.0,-282921.0,,0.0,,,-0.65,,-873871.0,,-150.0,,-2475.0,,,,29593513.0,47544974.0,,,2475.0,48566.0,,,47547449.0,16150.0,-23100343.0,-23100343.0,-240224.0,-240224.0,-281632.0,330198.0,16150.0,,-1289.0,,,282051.0,,131077496.0,,,107977153.0,,,,,0.0,48566.0,330198.0,700000.0,107977153.0,850000.0,131077496.0,,,,,,804984.0
2014-01-31,2014-03-12,10-Q,Invesco CURRENCYSHARES BRITISH POUND STERLING TRUST,FXB,CIK0001353611,USD,,,,,56695238.0,,,56692530.0,9147556.0,,,0.0,0.0,,13000000.0,350000.0,350000.0,56675981.0,-48239.0,,0.0,,,-0.14,,1147607.0,,-332.0,,-2708.0,,,,34496044.0,56692530.0,,,2708.0,7895.0,,,56695238.0,19257.0,8045304.0,,-45355.0,,-47897.0,55792.0,19257.0,,-342.0,,,53075.0,,,,,8045304.0,,,,,,7895.0,55792.0,50000.0,8045304.0,,,,,,,,344565.0
2014-04-30,2014-06-09,10-Q,Invesco CURRENCYSHARES BRITISH POUND STERLING TRUST,FXB,CIK0001353611,USD,8311806.0,,,,83143748.0,,,83140182.0,,,,0.0,0.0,,13000000.0,450000.0,450000.0,74804794.0,-63444.0,,,,,-0.14,,,,,,,,,,44315160.0,83140182.0,,,3566.0,8784.0,,,83143748.0,8338954.0,,,,,-62555.0,71339.0,27148.0,,-889.0,,,,,,,,,,,,,,8784.0,71339.0,,,,,,,,,,447191.0
2014-07-31,2014-09-08,10-Q,Invesco CURRENCYSHARES BRITISH POUND STERLING TRUST,FXB,CIK0001353611,USD,,,,,91363808.0,,,91359727.0,,,,0.0,0.0,,13000000.0,550000.0,550000.0,91335231.0,-64430.0,,,,,-0.14,,,,,,,,,,54113463.0,91359727.0,,,4081.0,10526.0,,,91363808.0,28577.0,,,,,-64656.0,75182.0,28577.0,,226.0,,,,,,,,,,,,,,10526.0,75182.0,,,,,,,,,,449457.0
2014-10-31,2015-01-14,10-K,Invesco CURRENCYSHARES BRITISH POUND STERLING TRUST,FXB,CIK0001353611,USD,,24902.0,0.0,,62916331.0,39324047.0,62912537.0,62912537.0,15367563.0,,,0.0,,,13000000.0,400000.0,400000.0,62891429.0,-303707.0,,0.0,,,-0.7000000000000001,,-751067.0,,510.0,,-3794.0,,24902.0,,39324047.0,62912537.0,,,3794.0,49553.0,,,62916331.0,24902.0,16351009.0,16351009.0,-232379.0,-232379.0,-305536.0,355089.0,24902.0,,1829.0,,140283.0,269366.0,44264919.0,73324837.0,,54135736.0,89675846.0,36987.0,,62891429.0,,0.0,49553.0,355089.0,550000.0,89675846.0,450000.0,73324837.0,,,,400000.0,,897099.0
2015-01-31,2015-03-12,10-Q,Invesco CURRENCYSHARES BRITISH POUND STERLING TRUST,FXB,CIK0001353611,USD,,,0.0,,44258062.0,,,44255692.0,-18656845.0,,,0.0,,,13000000.0,300000.0,300000.0,44243029.0,-44018.0,,0.0,,,-0.13,,-3358851.0,,1054.0,,-2370.0,,15033.0,,29466458.0,44255692.0,,,2370.0,8316.0,,,44258062.0,15033.0,-15245120.0,-15245120.0,-52874.0,-52874.0,-45483.0,53799.0,15033.0,,1465.0,,,62421.0,,15245120.0,,,,9547.0,,,,0.0,8316.0,53799.0,,,100000.0,15245120.0,,,,,,348913.0
2015-04-30,2015-06-09,10-Q,Invesco CURRENCYSHARES BRITISH POUND STERLING TRUST,FXB,CIK0001353611,USD,7539190.0,,0.0,,52790150.0,,,52786572.0,,,,0.0,,,13000000.0,300000.0,300000.0,45234764.0,-36576.0,,,,,-0.11,,,,,,,,,,29443557.0,52786572.0,,,3578.0,9522.0,,,52790150.0,7555386.0,,,,,-35870.0,45392.0,16196.0,,-706.0,,,,,,,,,,,,,0.0,9522.0,45392.0,,,,,,,,,,315730.0
2015-07-31,2015-09-09,10-Q,Invesco CURRENCYSHARES BRITISH POUND STERLING TRUST,FXB,CIK0001353611,USD,7649826.0,,0.0,,61213328.0,,,53560405.0,,,,0.0,,7649506.0,13000000.0,350000.0,350000.0,53547320.0,-37245.0,,,,,-0.12,,,,,,,,,,34322373.0,53560405.0,,,3417.0,10507.0,,,61213328.0,7666008.0,,,,,-37061.0,47568.0,16182.0,,-184.0,,,,,,,,,,,,,0.0,10507.0,47568.0,,,,,,,,,,309239.0
2015-10-31,2016-01-14,10-K,Invesco CURRENCYSHARES BRITISH POUND STERLING TRUST,FXB,CIK0001353611,USD,,19319.0,0.0,,60537423.0,39195222.0,60533068.0,60533068.0,-2379469.0,60533068.0,,0.0,,,13000000.0,400000.0,400000.0,60518104.0,-202353.0,,0.0,0.0,19319.0,-0.6,,-2181270.0,,810.0,,-4355.0,,19319.0,,39195222.0,60533068.0,,,4355.0,52255.0,,,60537423.0,19319.0,,-32283.0,-165916.0,-165916.0,-202750.0,255005.0,,,397.0,,107843.0,205536.0,49058362.0,75476291.0,,49037380.0,75444008.0,39620.0,,60518104.0,,0.0,52255.0,255005.0,,,500000.0,75476291.0,-2341042.0,13000000.0,400000.0,400000.0,75444008.0,688581.0
2016-01-31,2016-03-11,10-Q,Invesco CURRENCYSHARES BRITISH POUND STERLING TRUST,FXB,CIK0001353611,USD,,,0.0,,55560217.0,39165419.0,55556150.0,55556150.0,-4976918.0,,,0.0,,,,,,,-43285.0,,,0.0,18820.0,-0.11,,-4932642.0,,1268.0,0.0,-4067.0,,18820.0,,,55556150.0,,,4067.0,13177.0,,,55560217.0,18820.0,,,,-44276.0,-45333.0,58510.0,,,2048.0,,29803.0,57383.0,0.0,,,0.0,,13107.0,,55541397.0,,0.0,13177.0,58510.0,,,,,-4976707.0,13000000.0,400000.0,400000.0,,400000.0
2016-04-30,2016-06-09,10-Q,Invesco CURRENCYSHARES BRITISH POUND STERLING TRUST,FXB,CIK0001353611,USD,,,0.0,,50167533.0,34243645.0,50163548.0,50163548.0,,,,0.0,,,,,,,-37595.0,,,0.0,16445.0,-0.1,,,,,,,,,,,50163548.0,,,3985.0,11766.0,,,50167533.0,16445.0,,,,,-36658.0,48424.0,,,-937.0,,,,,,,,,,,50151088.0,,0.0,11766.0,48424.0,,,,,,13000000.0,350000.0,350000.0,,351667.0
2016-07-31,2016-09-09,10-Q,Invesco CURRENCYSHARES BRITISH POUND STERLING TRUST,FXB,CIK0001353611,USD,,,0.0,,259612895.0,195522704.0,259595561.0,259595561.0,,,,0.0,,,,,,,-90636.0,,,0.0,79147.0,-0.1,,,,,,,,,,,259595561.0,,,17334.0,26103.0,,,259612895.0,79147.0,,,,,-95257.0,121360.0,,,4621.0,,,,,,,,,,,259533748.0,,0.0,26103.0,121360.0,,,,,,18000000.0,2000000.0,2000000.0,,911413.0
2016-10-31,2017-01-12,10-K,Invesco CURRENCYSHARES BRITISH POUND STERLING TRUST,FXB,CIK0001353611,USD,,,0.0,,315997529.0,258823465.0,315997529.0,315997529.0,255464461.0,315997529.0,255464461.0,0.0,,,,,,,-660518.0,,,0.0,92777.0,-0.59,-4478.0,-51729562.0,-51729562.0,-4478.0,0.0,,,92777.0,,,315997529.0,,,,54682.0,,,315997529.0,92777.0,307555454.0,307555454.0,-361431.0,-361431.0,-692284.0,746966.0,,,31766.0,,258405.0,417444.0,63530601.0,88860252.0,,283417249.0,396415706.0,56013.0,,315904752.0,,0.0,54682.0,746966.0,,,,,-52168806.0,18000000.0,2650000.0,2650000.0,396415706.0,2996383.0
2017-01-31,2017-03-13,10-Q,Invesco CURRENCYSHARES BRITISH POUND STERLING TRUST,FXB,CIK0001353611,USD,,,0.0,,306898671.0,243938103.0,306898671.0,306898671.0,-9098858.0,,,0.0,,,,,,,-317215.0,,,0.0,104043.0,-0.12,,9388762.0,,-2935.0,0.0,,,104043.0,,,306898671.0,,,,0.0,,,306898671.0,104043.0,,-18182796.0,,-304824.0,-313155.0,313155.0,,,-4060.0,,245430.0,304824.0,34154191.0,42419506.0,,19514259.0,24236710.0,,,306794628.0,,0.0,0.0,313155.0,,,,,9072672.0,18000000.0,2500000.0,2500000.0,24236710.0,2561957.0
2017-04-30,2017-06-09,10-Q,Invesco CURRENCYSHARES BRITISH POUND STERLING TRUST,FXB,CIK0001353611,USD,,,0.0,,296367256.0,229076183.0,296367256.0,296367256.0,,296367256.0,,0.0,,,,,,,-293395.0,,,0.0,97766.0,-0.12,,,,,,,,,,,296367256.0,,,,0.0,,,296367256.0,97766.0,,,,,-283156.0,283156.0,,,-10239.0,,479339.0,,63405992.0,,,34138049.0,,,,296269490.0,,0.0,0.0,283156.0,,,,,,18000000.0,2350000.0,2350000.0,,2386517.0
2017-07-31,2017-09-11,10-Q,Invesco CURRENCYSHARES BRITISH POUND STERLING TRUST,FXB,CIK0001353611,USD,,,0.0,,243933740.0,185029597.0,243933740.0,243933740.0,,243933740.0,,0.0,,,,,,,-261668.0,,,0.0,87990.0,-0.13,,,,,,,,,,,243933740.0,,,,0.0,,,243933740.0,87990.0,,,,,-256279.0,256279.0,,,-5389.0,,,,,,,,,,,243845750.0,,0.0,0.0,256279.0,,,,,,18000000.0,1900000.0,1900000.0,,2014130.0
2017-10-31,2018-01-11,10-K,Invesco CURRENCYSHARES BRITISH POUND STERLING TRUST,FXB,CIK0001353611,USD,,,0.0,,213160593.0,160518454.0,213160593.0,213160593.0,-102836936.0,213160593.0,-102836936.0,0.0,,,,,,,-1334186.0,,,0.0,72617.0,-0.63,-10619.0,22452800.0,22452800.0,-10619.0,0.0,,,72617.0,,,213160593.0,,,,0.0,,,213160593.0,72617.0,-124177578.0,-124177578.0,-1112158.0,-1112158.0,-1310168.0,1310168.0,,,-24018.0,,872623.0,1112158.0,141309219.0,180098599.0,,43876831.0,55921021.0,,,213087976.0,,0.0,0.0,1310168.0,,,,,21360802.0,18000000.0,1650000.0,1650000.0,55921021.0,3948894.0
2018-01-31,2018-03-12,10-Q,Invesco CURRENCYSHARES BRITISH POUND STERLING TRUST,FXB,CIK0001353611,USD,,,0.0,,193531652.0,136082193.0,193515724.0,193515724.0,-19644869.0,,,0.0,,,,,,,-171698.0,,,0.0,69142.0,-0.1,,13297653.0,,-3870.0,0.0,,,,,,193515724.0,,,15928.0,,,,193531652.0,69142.0,,-32756481.0,,-186041.0,-162768.0,,,,-8930.0,,138003.0,218220.0,38879993.0,,,14581735.0,,,,,,0.0,47279.0,,,,,,13131015.0,18000000.0,1400000.0,,19657637.0,
2018-04-30,2018-06-11,10-Q,Invesco CURRENCYSHARES BRITISH POUND STERLING TRUST,FXB,CIK0001353611,USD,,,0.0,,193991737.0,140833644.0,193977184.0,,,,,0.0,,,,,,,-143935.0,,,0.0,63766.0,,,,,,,,,,,,193977184.0,,,14553.0,,,,193991737.0,63766.0,,,,,,,,,2367.0,,,,,,,,,,,,,0.0,,,,,,,,18000000.0,1450000.0,,,
2018-07-31,2018-09-07,10-Q,Invesco CURRENCYSHARES BRITISH POUND STERLING TRUST,FXB,CIK0001353611,USD,,,0.0,,159144532.0,121313458.0,159133007.0,,,,,0.0,,,,,,,-132385.0,,,0.0,54682.0,,,,,,,,,,,,159133007.0,,,11525.0,,,,159144532.0,54682.0,,,,,,,,,1922.0,,,,,,,,,,,159089850.0,,0.0,,,,,,,,18000000.0,1250000.0,1250000.0,,
2018-10-31,2019-01-11,10-K,Invesco CURRENCYSHARES BRITISH POUND STERLING TRUST,FXB,CIK0001353611,USD,,,,,148793383.0,116416407.0,148751007.0,,,,-70607292.0,0.0,,,,,,,,,,0.0,48429.0,-0.34,3708.0,,-4821170.0,,0.0,42376.0,,-24188.0,,,142553301.0,,,42376.0,256219.0,,,148793383.0,48429.0,-65252985.0,,-533137.0,,-466573.0,722792.0,,,,,393979.0,744087.0,67997931.0,91375619.0,,24289863.0,26122634.0,214658.0,466573.0,148744954.0,,0.0,256219.0,722792.0,,,,,-5608121.0,18000000.0,1200000.0,1200000.0,32640718.0,1380959.0
2019-03-31,2019-05-09,10-Q,Invesco CURRENCYSHARES BRITISH POUND STERLING TRUST,FXB,CIK0001353611,USD,,,,,126428020.0,96994428.0,126388632.0,,,126388632.0,-9512267.0,,,,,,,,,,,0.0,44669.0,-0.01,,,2955213.0,,0.0,-1662.0,,-1906.0,,,126388632.0,0.0,,39388.0,114701.0,,,126428020.0,44669.0,-12451889.0,,-15591.0,,-15347.0,130048.0,,,,,,,24248747.0,31438493.0,,14549122.0,18986604.0,,15347.0,126383351.0,,0.0,114701.0,130048.0,,,,,2939866.0,18000000.0,1000000.0,1000000.0,18986604.0,1043889.0
2019-06-30,2019-08-08,10-Q,Invesco CURRENCYSHARES BRITISH POUND STERLING TRUST,FXB,CIK0001353611,USD,,,,135811330.0,,96982616.0,123429795.0,,,135772272.0,,,,,,,,,,,,,44637.0,-0.02,,,,,,,,,,,135772272.0,,,39058.0,115069.0,,12387114.0,135811330.0,,,,,,-16438.0,131507.0,,,,0.0,,,,,,,,,16438.0,123424216.0,,0.0,115069.0,131507.0,,,,,,18000000.0,1000000.0,1000000.0,,1054945.0
2019-09-30,2019-11-08,10-Q,Invesco CURRENCYSHARES BRITISH POUND STERLING TRUST,FXB,CIK0001353611,USD,,,,155389805.0,,126061024.0,155344945.0,,,155344945.0,,,,,,,,,,,,,51269.0,-0.02,,,,,,,,,,,155344945.0,,,44860.0,124468.0,0.0035,51269.0,155389805.0,,,,,,-17780.0,142248.0,,,,,,,,,,,,,17780.0,155338536.0,,0.0,124468.0,142248.0,,,,,,18000000.0,1300000.0,1300000.0,,1185870.0
2019-12-31,2020-02-28,10-K,Invesco CURRENCYSHARES BRITISH POUND STERLING TRUST,FXB,CIK0001353611,USD,,,,167024308.0,,126044845.0,141290062.0,,,141290062.0,5389163.0,,,,,,,,,,,,52926.0,-0.06,,,7434253.0,,0.0,5261.0,,6351.0,,,141290062.0,,0.0,46311.0,497896.0,0.0035,52926.0,167024308.0,,-1976094.0,,-68996.0,,-70086.0,567982.0,,,,,,,101821260.0,131112101.0,,121214247.0,129136007.0,,70086.0,166971382.0,0.004,,497896.0,567982.0,,,,,,23000000.0,1300000.0,1300000.0,,1146849.0
2020-03-31,2020-05-08,10-Q,Invesco CURRENCYSHARES BRITISH POUND STERLING TRUST,FXB,CIK0001353611,USD,,,,156285333.0,,126028514.0,156269080.0,,,156269080.0,14979018.0,,,,,,,,,,,,49656.0,-0.04,,,-9422136.0,,0.0,-30058.0,,-3270.0,,,156269080.0,0.0,0.0,16253.0,105533.0,0.0,49656.0,156285333.0,,24421330.0,,-20176.0,,-46964.0,152497.0,,,,,,,19389965.0,25254708.0,,19388364.0,49676038.0,,46964.0,156235677.0,0.004,,105533.0,152497.0,,,,,,18000000.0,1300000.0,1300000.0,,1237912.0
2020-06-30,2020-08-07,10-Q,Invesco CURRENCYSHARES BRITISH POUND STERLING TRUST,FXB,CIK0001353611,USD,,,,119674414.0,,92013904.0,113692436.0,,,113692374.0,,,,,,,,,,,,,36094.0,-0.12,,,,,,,,,,,113692374.0,,,,,0.0,6018072.0,119674414.0,,,,,,-121878.0,121878.0,,,,,,,,,,,,,121878.0,113656342.0,,,,121878.0,,,,,,23000000.0,950000.0,950000.0,,1005495.0
2020-09-30,2020-11-06,10-Q,Invesco CURRENCYSHARES BRITISH POUND STERLING TRUST,FXB,CIK0001353611,USD,,,,137598204.0,,101597774.0,131345576.0,,,137598204.0,,,,,,,,,,,,,41896.0,-0.13,,,,,,,,,,,137598204.0,,,,,0.0,6294524.0,137598204.0,,,,,,-125281.0,125281.0,,,,,,,,,,,,,125281.0,131303680.0,,,,125281.0,,,,,,23000000.0,1050000.0,1050000.0,,1000543.0
2020-12-31,2021-02-26,10-K,Invesco CURRENCYSHARES BRITISH POUND STERLING TRUST,FXB,CIK0001353611,USD,,,,151954988.0,,106331789.0,151954988.0,,,151954988.0,10664926.0,,,,,,,,,,,,50391.0,-0.4,,,3563754.0,,0.0,-46311.0,,-2535.0,,,151954988.0,,0.0,,105533.0,0.0,6655011.0,151954988.0,,7488484.0,,-387312.0,,-431088.0,536621.0,,,,,,,111354285.0,135823557.0,,91946141.0,143312041.0,,431088.0,145299977.0,0.004,,105533.0,536621.0,,,,,,23000000.0,1100000.0,1100000.0,,1077459.0
2021-03-31,2021-05-07,10-Q,Invesco CURRENCYSHARES BRITISH POUND STERLING TRUST,FXB,CIK0001353611,USD,,,,166538435.0,,120706225.0,166538435.0,,,166538435.0,14583447.0,,,,,,,,,,,,51315.0,-0.13,,,1124249.0,,0.0,0.0,,924.0,,,166538435.0,,0.0,,,0.0,51315.0,166538435.0,,13601514.0,,-142316.0,,-143240.0,143240.0,,,,,,,4830945.0,13156584.0,,19310493.0,26758098.0,,143240.0,166487120.0,0.004,,,143240.0,,,,,,23000000.0,1250000.0,1250000.0,,1092222.0
2021-06-30,2021-08-06,10-Q,Invesco CURRENCYSHARES BRITISH POUND STERLING TRUST,FXB,CIK0001353611,USD,,,,166583688.0,,120586099.0,166583688.0,,,159922331.0,,,,,,,,,,,,,51913.0,-0.13,,,,,,,,,,,159922331.0,,,,,0.0,51913.0,166583688.0,,,,,,-158067.0,158067.0,,,,,,,,,,,,,158067.0,166531775.0,,,,158067.0,,,,,,23000000.0,1250000.0,1250000.0,,1173077.0
2021-09-30,2021-11-05,10-Q,Invesco CURRENCYSHARES BRITISH POUND STERLING TRUST,FXB,CIK0001353611,USD,,,,142941189.0,,106011904.0,142941189.0,,,142941189.0,,,,,,,,,,,,,46987.0,-0.13,,,,,,,,,,,142941189.0,,,,,0.0,46987.0,142941189.0,,,,,,-150185.0,150185.0,,,,,,,,,,,,,150185.0,142894202.0,,,,150185.0,,,,,,,1100000.0,1100000.0,,1117391.0
2021-12-31,2022-02-25,10-K,Invesco CURRENCYSHARES BRITISH POUND STERLING TRUST,FXB,CIK0001353611,USD,,,,110844825.0,,81837844.0,110844825.0,,,110844825.0,-41110163.0,,,,,,,,,,,,39793.0,-0.53,,,-1815728.0,,0.0,,,-10598.0,,,110844825.0,,,,,,39793.0,110844825.0,,-38704386.0,,-590049.0,,-579451.0,579451.0,,,,,,,53021252.0,78948615.0,,28955659.0,40244229.0,,579451.0,110805032.0,0.004,,,579451.0,,,,,,,850000.0,850000.0,,1087534.0
