end,filed,form,Name,Ticker,CIK,Currency,AccountsPayableAndAccruedLiabilitiesNoncurrent,AccountsPayableCurrent,AccruedLiabilitiesCurrent,AdditionalPaidInCapital,AdditionalPaidInCapitalCommonStock,AdjustmentsToAdditionalPaidInCapitalOther,Assets,AssetsCurrent,CashAndCashEquivalentsAtCarryingValue,CashAndCashEquivalentsPeriodIncreaseDecrease,CashCashEquivalentsRestrictedCashAndRestrictedCashEquivalentsPeriodIncreaseDecreaseExcludingExchangeRateEffect,CommonStockParOrStatedValuePerShare,CommonStockSharesAuthorized,CommonStockSharesIssued,CommonStockSharesOutstanding,CommonStockValue,CostOfGoodsAndServicesSold,CostOfRevenue,CostsAndExpensesRelatedParty,CurrentFederalStateAndLocalTaxExpenseBenefit,DeferredTaxAssetsGross,DeferredTaxAssetsOperatingLossCarryforwards,DeferredTaxAssetsOperatingLossCarryforwardsStateAndLocal,DeferredTaxAssetsValuationAllowance,Depreciation,DepreciationDepletionAndAmortization,DueToRelatedPartiesCurrent,DueToRelatedPartiesCurrentAndNoncurrent,DueToRelatedPartiesNoncurrent,EarningsPerShareBasicAndDiluted,EffectiveIncomeTaxRateContinuingOperations,EffectiveIncomeTaxRateReconciliationAtFederalStatutoryIncomeTaxRate,EffectiveIncomeTaxRateReconciliationChangeInDeferredTaxAssetsValuationAllowance,EffectiveIncomeTaxRateReconciliationChangeInEnactedTaxRate,EffectiveIncomeTaxRateReconciliationDeductions,EffectiveIncomeTaxRateReconciliationShareBasedCompensationExcessTaxBenefitPercent,EffectiveIncomeTaxRateReconciliationStateAndLocalIncomeTaxes,EffectiveIncomeTaxRateReconciliationTaxCredits,EffectiveIncomeTaxRateReconciliationTaxSettlements,EffectiveIncomeTaxRateReconciliationTaxSettlementsStateAndLocal,FederalIncomeTaxExpenseBenefitContinuingOperations,GeneralAndAdministrativeExpense,GrossProfit,IncomeLossFromContinuingOperations,IncomeLossFromContinuingOperationsBeforeIncomeTaxesExtraordinaryItemsNoncontrollingInterest,IncomeLossFromContinuingOperationsBeforeInterestExpenseInterestIncomeIncomeTaxesExtraordinaryItemsNoncontrollingInterestsNet,IncomeLossFromContinuingOperationsIncludingPortionAttributableToNoncontrollingInterest,IncomeLossFromContinuingOperationsPerDilutedShare,IncomeLossFromDiscontinuedOperationsNetOfTax,IncomeLossFromDiscontinuedOperationsNetOfTaxPerDilutedShare,IncomeTaxExpenseBenefit,IncomeTaxesPaid,IncomeTaxesPaidNet,IncreaseDecreaseInAccountsPayable,IncreaseDecreaseInAccruedLiabilities,IncreaseDecreaseInInventories,IncreaseDecreaseInPrepaidExpense,InventoryNoncurrent,Liabilities,LiabilitiesAndStockholdersEquity,LiabilitiesCurrent,LiabilitiesOfDisposalGroupIncludingDiscontinuedOperationCurrent,LoansPayableCurrent,NetCashProvidedByUsedInFinancingActivities,NetCashProvidedByUsedInInvestingActivities,NetCashProvidedByUsedInOperatingActivities,NetIncomeLoss,OperatingExpenses,OperatingIncomeLoss,OtherNonrecurringIncomeExpense,PaymentsToAcquirePropertyPlantAndEquipment,PrepaidExpenseCurrent,ProceedsFromContributionsFromAffiliates,ProceedsFromIssuanceOfCommonStock,ProceedsFromPaymentsForLongTermLoansForRelatedParties,ProceedsFromRelatedPartyDebt,ProceedsFromRepaymentsOfRelatedPartyDebt,ProfitLoss,PropertyPlantAndEquipmentGross,PropertyPlantAndEquipmentNet,RelatedPartyTransactionAmountsOfTransaction,RepaymentsOfRelatedPartyDebt,RetainedEarningsAccumulatedDeficit,Revenues,SalesRevenueGoodsNet,SalesRevenueServicesNet,SharesIssued,SharesIssuedPricePerShare,StockholdersEquity,StockholdersEquityIncludingPortionAttributableToNoncontrollingInterest,StockIssuedDuringPeriodSharesOther,StockIssuedDuringPeriodValueNewIssues,WeightedAverageNumberOfShareOutstandingBasicAndDiluted,WeightedAverageNumberOfSharesOutstandingBasic
2017-07-31,2017-09-06,10-Q,ARION GROUP CORP.,ARGC,CIK0001698702,USD,,,,,2340.0,,10843.0,,6837.0,,,,75000000.0,5260000.0,5260000.0,5260.0,,5600.0,,,,,,,,,,,2663.0,0.0,,,,,,,,,,,,,6100.0,,,,,,,,,,,,,,,2800.0,2663.0,10843.0,,,,,,,3654.0,2446.0,3654.0,2446.0,,,,,,,,,1206.0,,,,580.0,11700.0,,11700.0,,,,8180.0,,,,5006087.0
2017-10-31,2017-12-06,10-Q,ARION GROUP CORP.,ARGC,CIK0001698702,USD,,,,,23670.0,,39582.0,,35692.0,,,,75000000.0,7630000.0,7630000.0,7630.0,11200.0,11200.0,,,,,,,,,,,2663.0,0.0,,,,,,,,,,,,3161.0,8200.0,,5039.0,,,,,,,,,,,,,2800.0,2663.0,39582.0,,,,,,,5039.0,3161.0,5039.0,3161.0,,,,,,,,,1090.0,,,,5619.0,19400.0,,19400.0,,,,36919.0,,,6031304.0,6031304.0
2018-01-31,2018-05-08,10-K,ARION GROUP CORP.,ARGC,CIK0001698702,USD,3099.0,3099.0,,23670.0,23670.0,23670.0,37649.0,36675.0,36675.0,32092.0,,0.001,75000000.0,5000000.0,5000000.0,7630.0,,25200.0,,,,,,,426.0,,2663.0,,2663.0,0.0,,0.34,,,,,,,,,,18133.0,21800.0,-18133.0,-18133.0,,,0.0,21800.0,0.0,,,,3099.0,,,,,5762.0,37649.0,5762.0,3099.0,,26300.0,-1400.0,7192.0,3667.0,18133.0,-18133.0,18133.0,1400.0,,,26300.0,,,,3667.0,974.0,974.0,,,587.0,47000.0,47000.0,,7630000.0,0.01,31887.0,31887.0,2630000.0,26300.0,5924383.0,5924383.0
2018-04-30,2018-05-25,10-Q,ARION GROUP CORP.,ARGC,CIK0001698702,USD,3000.0,,,,23670.0,,32986.0,,32128.0,-4547.0,,,75000000.0,7630000.0,7630000.0,7630.0,,,,,,,,,116.0,,,,2663.0,0.0,,,,,,,,,,,,4564.0,,,,,,,,,,,,-99.0,,,,,5663.0,32986.0,,,,,,-4547.0,-4564.0,4564.0,-4564.0,4564.0,,,,,,,,-4564.0,858.0,,,,-3977.0,,,,,,27323.0,27323.0,,,7630000.0,7630000.0
2018-07-31,2018-08-30,10-Q,ARION GROUP CORP.,ARGC,CIK0001698702,USD,,,,,23670.0,,7674.0,,4132.0,,,,75000000.0,7630000.0,7630000.0,7630.0,,,,,,,,,,,,,2663.0,0.0,,,,,,,,,,,,22312.0,,,,,,,,,,,,,,,,2800.0,2663.0,7674.0,,,,,,,-22312.0,22312.0,-22312.0,22132.0,,,,,,,,-22312.0,742.0,,,,-26289.0,,,,,,5011.0,5011.0,,,7630000.0,7630000.0
2018-10-31,2018-12-07,10-Q,ARION GROUP CORP.,ARGC,CIK0001698702,USD,,,,23670.0,,,3767.0,341.0,341.0,,,0.001,75000000.0,7630000.0,7630000.0,7630.0,,,,,,,,,,,2663.0,,,0.0,,,,,,,,,,,,3907.0,,,-3907.0,,,,,,,,,,,,,2800.0,2663.0,3767.0,2663.0,,,,,,-3907.0,3907.0,-3907.0,,,,,,,,,-3907.0,,626.0,,,-30196.0,,,,,,1104.0,,,,7630000.0,
2019-01-31,2019-05-16,10-K,ARION GROUP CORP.,ARGC,CIK0001698702,USD,,2112.0,,23670.0,,,9600.0,9090.0,9090.0,-27585.0,-27585.0,0.001,75000000.0,7630000.0,7630000.0,7630.0,,,,,9415.0,9415.0,,9415.0,464.0,,20432.0,,,-0.01,0.0,0.21,,0.0,-0.21,0.21,0.0,,0.0,,,46831.0,2000.0,-44831.0,-44831.0,-44831.0,-44831.0,-0.01,,0.0,,,,-987.0,,,,,22544.0,9600.0,22544.0,,,17769.0,,-45354.0,-44831.0,46831.0,-44831.0,,,,,,20432.0,20432.0,,-44831.0,,510.0,20432.0,2663.0,-44244.0,2000.0,,,2630000.0,,-12944.0,,,,7630000.0,
2019-04-30,2019-06-19,10-Q,ARION GROUP CORP.,ARGC,CIK0001698702,USD,,13529.0,,23670.0,,,18454.0,18060.0,8060.0,-1030.0,-1030.0,0.001,75000000.0,7630000.0,7630000.0,7630.0,,,,,,,,,116.0,,30432.0,,,0.0,,,,,,,,,,,,18563.0,6000.0,,,-12563.0,,,,,,,,11417.0,,,10000.0,,43961.0,18454.0,43961.0,,,10000.0,,-11030.0,-12563.0,18563.0,-12563.0,,,10000.0,,,10000.0,10000.0,,-12563.0,,394.0,30432.0,,-56807.0,6000.0,,,,,-25507.0,,,,7630000.0,
2019-07-31,2019-09-23,10-Q,ARION GROUP CORP.,ARGC,CIK0001698702,USD,,17321.0,,23670.0,,,14020.0,13742.0,3742.0,,,0.001,75000000.0,7630000.0,7630000.0,7630.0,,,,,,,,,,,40432.0,,,0.0,,,,,,,,,,,,18226.0,,,,-18226.0,,,,,,,,,,,,,57753.0,14020.0,57753.0,,,,,,-18226.0,18226.0,-18226.0,,,10000.0,,,,,,-18226.0,,278.0,,,-75033.0,,,,,,-43733.0,,,,7630000.0,
2019-10-31,2019-12-23,10-Q,ARION GROUP CORP.,ARGC,CIK0001698702,USD,,5768.0,,23670.0,,,12235.0,11957.0,11957.0,,,0.001,75000000.0,7630000.0,7630000.0,7630.0,,,,,,,,,,,60432.0,,,0.0,,,,,,,,,,,,10232.0,,,,-10232.0,,,,,,,,,,,,,66200.0,12235.0,66200.0,,,,,,-10232.0,10232.0,-10232.0,,,,,,,,,-10232.0,,278.0,,,-85265.0,,,,,,-53965.0,,,,7630000.0,
2020-01-31,2020-06-15,10-K,ARION GROUP CORP.,ARGC,CIK0001698702,USD,,12560.0,,23670.0,,,6277.0,5999.0,5999.0,,-3091.0,0.001,75000000.0,7630000.0,7630000.0,7630.0,,,,800.0,,27589.0,,27589.0,232.0,232.0,60432.0,60432.0,,-0.01,-0.0151,0.21,,-0.0151,-0.2984,0.2984,0.0884,0.21,-0.0151,0.0884,52971.0,58971.0,,,-52971.0,-52971.0,-52971.0,,800.0,,800.0,800.0,800.0,10448.0,,,,,72992.0,6277.0,72992.0,,60432.0,40000.0,,-43091.0,-53771.0,58971.0,-52971.0,,,,,,,40000.0,,-53771.0,,278.0,60432.0,,-98015.0,6000.0,,,,,-66715.0,,,,7630000.0,
2020-04-30,2020-07-30,10-Q,ARION GROUP CORP.,ARGC,CIK0001698702,USD,,11500.0,,23670.0,,,5441.0,5163.0,5163.0,,-836.0,0.001,75000000.0,7630000.0,7630000.0,7630.0,,,,,,,,,,,70432.0,,,0.0,,,,,,,,,,,,9776.0,,,,-9776.0,,,,,,,,-1060.0,,,,,81932.0,5441.0,81932.0,,,10000.0,,-10836.0,-9776.0,9776.0,-9776.0,,,,,,,10000.0,,-9776.0,,278.0,70432.0,,-107791.0,,,,,,-76491.0,,,,7630000.0,
2020-07-31,2020-09-11,10-Q,ARION GROUP CORP.,ARGC,CIK0001698702,USD,,19662.0,,91102.0,,67432.0,23708.0,23430.0,23430.0,,,0.001,75000000.0,7630000.0,7630000.0,7630.0,,,,,,,,,,,,30000.0,,0.0,,,,,,,,,,,,16135.0,,,,-16135.0,,,,,760.0,,,,,,,,49662.0,23708.0,49662.0,,30000.0,,,,-16895.0,16135.0,-16135.0,,,,,,,,,-16895.0,,278.0,,,-124686.0,,,,,,-25954.0,,,,7630000.0,
2020-10-31,2020-12-04,10-Q,ARION GROUP CORP.,ARGC,CIK0001698702,USD,,2599.0,4500.0,91102.0,,,17879.0,17601.0,17362.0,,,0.001,75000000.0,7630000.0,7630000.0,7630.0,,,,,,,,,,,,60001.0,,0.0,,,,,,,,,,,,23267.0,,,,-23267.0,,,,,,,,,,,,,67100.0,17879.0,67100.0,,60001.0,,,,-23267.0,23267.0,-23267.0,,,239.0,,,,,,-23267.0,,278.0,,,-147953.0,,,,,,-49221.0,,,,7630000.0,
2021-01-31,2021-05-18,10-K,ARION GROUP CORP.,ARGC,CIK0001698702,USD,,7000.0,4500.0,91102.0,,,20172.0,19894.0,19894.0,,13895.0,0.001,75000000.0,7630000.0,7630000.0,7630.0,,,,800.0,,47816.0,170870.0,47816.0,,,,80001.0,,-0.01,-0.0112,0.21,1.0,-0.0112,-0.2984,0.2984,0.0884,0.21,-0.0112,0.0884,169270.0,71246.0,,,-71246.0,-71246.0,,,800.0,,800.0,,800.0,-5560.0,4500.0,,,,91501.0,20172.0,91501.0,,80001.0,87001.0,,-73106.0,-72046.0,71246.0,-71246.0,,,,,,,90001.0,,,,278.0,80001.0,3000.0,-170061.0,,,,,,-71329.0,,,,7630000.0,
2021-04-30,2021-06-14,10-Q,ARION GROUP CORP.,ARGC,CIK0001698702,USD,,7174.0,4500.0,91102.0,,,7181.0,6903.0,6903.0,,-12991.0,0.001,75000000.0,7630000.0,7630000.0,7630.0,,,,,,,,,,,,,,0.0,,,,,,,,,,,,13165.0,,,,-13165.0,,,,,,,,174.0,,,,,91675.0,7181.0,91675.0,,80001.0,,,-12991.0,-13165.0,13165.0,-13165.0,,,,,,,,,-13165.0,,278.0,,,-183226.0,,,,,,-84494.0,,,,7630000.0,
2021-07-31,2021-09-07,10-Q,ARION GROUP CORP.,ARGC,CIK0001698702,USD,,9599.0,99.0,91102.0,,,5207.0,4929.0,4929.0,,,0.001,75000000.0,7630000.0,7630000.0,7630.0,,,,,,,,,,,,,,0.0,,,,,,,,,,,,24198.0,,,,-24198.0,,,,,800.0,,,,,,,,114699.0,5207.0,114699.0,,105001.0,,,,-24998.0,24198.0,-24198.0,,,,,,,,,-24998.0,,278.0,,,-208224.0,,,,,,-109492.0,,,,7630000.0,
2021-10-31,2021-12-15,10-Q,ARION GROUP CORP.,ARGC,CIK0001698702,USD,,2599.0,,91102.0,,,3359.0,3081.0,3081.0,,,0.001,75000000.0,7630000.0,7630000.0,7630.0,,,,,,,,,,,,,,0.0,,,,,,,,,,,,19749.0,,,,-19749.0,,,,,,,,,,,,,132600.0,3359.0,132600.0,,130001.0,,,,-19749.0,19749.0,-19749.0,,,,,,,,,-19749.0,,278.0,,,-227973.0,,,,,,-129241.0,,,,7630000.0,
