end,filed,form,Name,Ticker,CIK,Currency,AccountsPayableAndAccruedLiabilitiesCurrent,AccountsPayableTrade,AccountsPayableTradeCurrent,AdditionalPaidInCapital,AdditionalPaidInCapitalCommonStock,AntidilutiveSecuritiesExcludedFromComputationOfEarningsPerShareAmount,Assets,AssetsCurrent,Cash,CashAndCashEquivalentsAtCarryingValue,CashAndCashEquivalentsPeriodIncreaseDecrease,CashAndDueFromBanks,CashCashEquivalentsRestrictedCashAndRestrictedCashEquivalentsPeriodIncreaseDecreaseExcludingExchangeRateEffect,CashEquivalentsAtCarryingValue,CommitmentsAndContingencies,CommonStockParOrStatedValuePerShare,CommonStockSharesAuthorized,CommonStockSharesIssued,CommonStockSharesOutstanding,CommonStockValue,ComprehensiveIncomeNetOfTax,CurrentFederalTaxExpenseBenefit,CurrentStateAndLocalTaxExpenseBenefit,DebtConversionConvertedInstrumentAmount1,DebtConversionConvertedInstrumentSharesIssued1,DebtInstrumentDecreaseForgiveness,DeferredFederalIncomeTaxExpenseBenefit,DeferredStateAndLocalIncomeTaxExpenseBenefit,DeferredTaxAssetsNet,DeferredTaxAssetsOperatingLossCarryforwards,DeferredTaxAssetsValuationAllowance,Depreciation,DevelopmentStageEnterpriseDeficitAccumulatedDuringDevelopmentStage,DueFromRelatedPartiesCurrent,DueToOfficersOrStockholdersCurrent,DueToOtherRelatedPartiesClassifiedCurrent,DueToRelatedPartiesCurrent,EarningsPerShareBasicAndDiluted,EffectiveIncomeTaxRateReconciliationAtFederalStatutoryIncomeTaxRate,EquityIssuancePerShareAmount,FederalIncomeTaxExpenseBenefitContinuingOperations,GeneralAndAdministrativeExpense,IncomeLossFromContinuingOperations,IncomeLossFromContinuingOperationsBeforeIncomeTaxesExtraordinaryItemsNoncontrollingInterest,IncomeTaxExaminationPenaltiesAndInterestAccrued,IncomeTaxExpenseBenefit,IncomeTaxExpenseBenefitContinuingOperations,IncomeTaxesPaidNet,IncomeTaxReconciliationChangeInDeferredTaxAssetsValuationAllowance,IncomeTaxReconciliationChangeInEnactedTaxRate,IncomeTaxReconciliationIncomeTaxExpenseBenefitAtFederalStatutoryIncomeTaxRate,IncomeTaxReconciliationOtherReconcilingItems,IncomeTaxReconciliationStateAndLocalIncomeTaxes,IncreaseDecreaseInAccountsPayable,IncreaseDecreaseInAccountsPayableAndAccruedLiabilities,IncreaseDecreaseInAccountsReceivable,IncreaseDecreaseInAccruedLiabilities,IncreaseDecreaseInDueToOtherRelatedParties,IncreaseDecreaseInDueToRelatedParties,IncreaseDecreaseInNotesPayableRelatedParties,IncreaseDecreaseInOtherAccruedLiabilities,IncreaseDecreaseInPrepaidDeferredExpenseAndOtherAssets,IncreaseDecreaseInPrepaidExpense,InterestPaid,Liabilities,LiabilitiesAndStockholdersEquity,LiabilitiesCurrent,NetCashProvidedByUsedInFinancingActivities,NetCashProvidedByUsedInFinancingActivitiesContinuingOperations,NetCashProvidedByUsedInInvestingActivities,NetCashProvidedByUsedInOperatingActivities,NetCashProvidedByUsedInOperatingActivitiesContinuingOperations,NetIncomeLoss,NotesPayableCurrent,OperatingExpenses,OperatingIncomeLoss,OperatingLossCarryforwards,OriginationOfNotesReceivableFromRelatedParties,OtherAccountsPayableAndAccruedLiabilities,OtherComprehensiveIncomeLossNetOfTaxPeriodIncreaseDecrease,OtherComprehensiveIncomeLossNetOfTaxPortionAttributableToParent,OtherComprehensiveIncomeLossTax,OtherComprehensiveIncomeLossTaxPortionAttributableToNoncontrollingInterest,OtherGeneralAndAdministrativeExpense,OtherIncomeTaxExpenseBenefitContinuingOperations,PostconfirmationCommonStock,PostconfirmationCurrentAssets,PostconfirmationCurrentLiabilities,PostconfirmationOtherAssets,PostconfirmationOtherNoncurrentObligations,PreferredStockParOrStatedValuePerShare,PreferredStockSharesAuthorized,PreferredStockSharesIssued,PreferredStockSharesOutstanding,PreferredStockValue,PrepaidExpenseCurrent,PriorPeriodReclassificationAdjustment,ProceedsFromContributedCapital,ProceedsFromContributionsFromAffiliates,ProceedsFromIssuanceOfCommonStock,ProceedsFromIssuanceOfPrivatePlacement,ProceedsFromIssuanceOfSharesUnderIncentiveAndShareBasedCompensationPlansIncludingStockOptions,ProceedsFromIssuanceOrSaleOfEquity,ProceedsFromLoans,ProceedsFromNotesPayable,ProceedsFromOtherShortTermDebt,ProceedsFromRelatedPartyDebt,ProceedsFromRepaymentsOfRelatedPartyDebt,ProfessionalFees,ProfitLoss,PropertyPlantAndEquipmentFairValueDisclosure,ReorganizationValue,RepaymentsOfRelatedPartyDebt,RestructuringCharges,RetainedEarningsAccumulatedDeficit,Revenues,SharePrice,SharesIssuedPricePerShare,SharesOutstanding,StateAndLocalIncomeTaxExpenseBenefitContinuingOperations,StockholdersEquity,StockIssued1,StockIssuedDuringPeriodSharesNewIssues,StockIssuedDuringPeriodValueNewIssues,ValuationAllowanceAmount,ValuationAllowanceDeferredTaxAssetChangeInAmount,WeightedAverageNumberOfShareOutstandingBasicAndDiluted,WeightedAverageNumberOfSharesOutstandingBasic
2010-06-30,2010-08-04,10-Q,SMSA Crane Acquisition Corp.,SSCR,CIK0001473287,USD,,,,,,,,,,0.0,,,,,,,,,,,-1700.0,,,,,,,,,,,,,,,,,0.0,,,,250.0,,,,0.0,,,,,,,,,,,,,,,,,,,,,,,,,,,,,1700.0,-1700.0,,,,0.0,,,,,,,,,,,,,,,,,,,,,,,,,,,,,1450.0,-1700.0,,,,,,0.0,,,,,,,,,,,,500005.0
2010-09-30,2010-11-15,10-Q,SMSA Crane Acquisition Corp.,SSCR,CIK0001473287,USD,,,,,,,,,,,,,,,,,,,,,-2352.0,,,,,,,,,,,,,,,,,0.0,,,,1427.0,,,,,,,,,,,,,,,,,,,,,,,,,,,,,,,,,2352.0,-2352.0,,,,,,,,,,,,,,,,,,,,,,,,,,,,,,,,,925.0,-2352.0,,,,,,,,,,,,,,,,,,500005.0
2010-12-31,2011-03-07,10-K,SMSA Crane Acquisition Corp.,SSCR,CIK0001473287,USD,,,0.0,20485.0,,,9500.0,,9500.0,9500.0,9500.0,9500.0,,,0.0,0.001,100000000.0,10000005.0,10000005.0,10000.0,-11086.0,,,,,,,,,,,0.0,-20985.0,,,,,-0.01,,,,3511.0,,,,0.0,,0.0,,,,,,0.0,,0.0,0.0,,,,,0.0,,0.0,0.0,9500.0,,20586.0,,0.0,-11086.0,,-11086.0,,11086.0,-11086.0,,,,,0.0,,,,,,,,,,0.001,10000000.0,,,0.0,,,,,,,,9500.0,,,,,,7575.0,-11086.0,,,,,-20985.0,0.0,,,9500.0,,9500.0,,9500.0,,,,,
2011-03-31,2011-05-05,10-Q,SMSA Crane Acquisition Corp.,SSCR,CIK0001473287,USD,,,,,,,,,,12088.0,2588.0,,,,,,,,,,-5605.0,,,,,,,,,,,,,,,,,0.0,,,,2912.0,,,,,,,,,,,,2693.0,,,,,,,,,,,,,,5500.0,,,-2912.0,,,,5605.0,-5605.0,,,,,,,,,,,,,,,,,,,,,,,,,,,,,,,,,2693.0,-5605.0,,,,,,,,,,,,,,,,,,10000005.0
2011-06-30,2011-08-08,10-Q,SMSA Crane Acquisition Corp.,SSCR,CIK0001473287,USD,,,0.0,25985.0,,,5944.0,,,5944.0,,5944.0,,,0.0,0.001,100000000.0,10000005.0,10000005.0,10000.0,-3452.0,,,,,,,,,,,,,,,,,0.0,,,,1989.0,,,,0.0,,,,,,,,,,,,,,,,,,,0.0,5944.0,,,,,,,,,3452.0,-3452.0,,,,0.0,0.0,,,1989.0,,,,,,,0.001,10000000.0,,,0.0,,,,,,,,,,,,,,1463.0,-3452.0,,,,,-30041.0,0.0,,,,,5944.0,,,,,,,10000005.0
2011-09-30,2011-10-31,10-Q,SMSA Crane Acquisition Corp.,SSCR,CIK0001473287,USD,,,,30985.0,,,3680.0,,,3680.0,,3680.0,,,,0.001,100000000.0,10000005.0,10000005.0,10000.0,-7264.0,,,,,,,,,,,,,,,,,0.0,,,,6139.0,,,,0.0,,,,,,,,,,,,,,,,,,,,3680.0,,,,,,,-7264.0,,7264.0,-7264.0,,,,,0.0,,,6139.0,,,,,,,0.001,10000000.0,,,,,,,,,,,,,,,,,1125.0,-7264.0,,,,,-37305.0,0.0,,,,,3680.0,,,,,,,10000005.0
2011-12-31,2012-02-14,10-K,SMSA Crane Acquisition Corp.,SSCR,CIK0001473287,USD,,0.0,0.0,30985.0,,,688.0,,688.0,688.0,-8812.0,688.0,,,,0.001,100000000.0,10000005.0,10000005.0,10000.0,-19312.0,0.0,0.0,,,,0.0,0.0,0.0,,,0.0,-40297.0,,,,,0.0,,,0.0,13020.0,,,,0.0,0.0,0.0,,,-6600.0,,0.0,0.0,,0.0,0.0,,,,0.0,0.0,,0.0,0.0,688.0,,10500.0,,0.0,-19312.0,,-19312.0,,19312.0,-19312.0,13700.0,,,,0.0,,,13020.0,6600.0,,,,,,0.001,10000000.0,,,0.0,,,,10500.0,0.0,,,0.0,,,,,,6292.0,-19312.0,,,,,-40297.0,0.0,,,688.0,0.0,688.0,,,,-13700.0,6600.0,,
2012-03-31,2012-05-10,10-Q,SMSA Crane Acquisition Corp.,SSCR,CIK0001473287,USD,,,,49985.0,,,15023.0,,,15023.0,14335.0,15023.0,,,,0.001,100000000.0,10000005.0,10000005.0,10000.0,-4665.0,0.0,0.0,,,,0.0,0.0,,,,0.0,,,,,,0.0,,,0.0,2265.0,,,,,0.0,0.0,,,-1600.0,,0.0,0.0,,0.0,,,,,0.0,0.0,,0.0,,15023.0,,19000.0,,,-4665.0,,,,4665.0,-4665.0,,,,,,,,,1600.0,,,,,,0.001,10000000.0,,,,,,,,0.0,,,,,,,,,2400.0,-4665.0,,,,,-44962.0,,,,,0.0,15023.0,,,,,,,10000005.0
2012-06-30,2012-08-13,10-Q,SMSA Crane Acquisition Corp.,SSCR,CIK0001473287,USD,,0.0,,49985.0,,,11558.0,,11558.0,0.0,,,,,,0.001,100000000.0,10000005.0,10000005.0,10000.0,-3465.0,,,,,,,,,,,,-48427.0,,,,,0.0,,,,,-3465.0,,,0.0,,,,,,,,,,,,,,,,,,,0.0,11558.0,,,,,,,-3465.0,,3465.0,-3465.0,,,,,0.0,,-3465.0,198.0,,,,,,,0.001,10000000.0,,,0.0,,,,,,,,,,,,,,1485.0,-3465.0,,,,0.0,,0.0,,,,,11558.0,,,,,,10000005.0,
2012-09-30,2012-11-02,10-Q,SMSA Crane Acquisition Corp.,SSCR,CIK0001473287,USD,,,0.0,49985.0,,,2864.0,,,2864.0,,,,,,0.001,100000000.0,10000005.0,10000005.0,10000.0,-8694.0,,,,,,,,0.0,,,,-57121.0,,,,,0.0,,,,,-8694.0,,,0.0,,,,,,,,,,,,,,,,,,,0.0,2864.0,,,,,,,-8694.0,,8694.0,-8694.0,19400.0,,,,0.0,0.0,-8694.0,7519.0,,,,,,,0.001,10000000.0,,,0.0,,,,,,,,,,,,,,1175.0,,,,,0.0,,0.0,,,,,2864.0,,,,-19400.0,,10000005.0,
2012-12-31,2013-03-11,10-K,SMSA Crane Acquisition Corp.,SSCR,CIK0001473287,USD,,600.0,600.0,53235.0,,,874.0,,874.0,874.0,186.0,,,,,0.001,100000000.0,10000005.0,10000005.0,10000.0,-22664.0,0.0,0.0,,,,0.0,0.0,0.0,,,0.0,-62961.0,,0.0,,,0.0,,,0.0,,-22664.0,,,0.0,0.0,0.0,,,-7700.0,,0.0,600.0,,0.0,,,,,0.0,0.0,,0.0,600.0,874.0,,22250.0,,0.0,-22064.0,,-22664.0,,22664.0,-22664.0,21400.0,,,,0.0,,,13804.0,7700.0,,,,,,0.001,10000000.0,,,0.0,,,22250.0,22250.0,0.0,,,,0.0,,,,,8860.0,-22664.0,,,,0.0,,0.0,,,274.0,0.0,274.0,,,,-21400.0,7700.0,10000005.0,
2013-03-31,2013-05-20,10-Q,SMSA Crane Acquisition Corp.,SSCR,CIK0001473287,USD,,,4635.0,53235.0,,,874.0,,874.0,874.0,0.0,,,,,0.001,100000000.0,10000005.0,10000005.0,10000.0,,0.0,0.0,,,,0.0,0.0,0.0,,,0.0,-66996.0,,,,,0.0,,,0.0,1210.0,-4035.0,,,,0.0,0.0,,,-1400.0,,0.0,4035.0,,0.0,,,,,0.0,0.0,,0.0,4635.0,874.0,,0.0,,0.0,0.0,,-4035.0,,4035.0,,16200.0,,,,,,,,1400.0,1000.0,1000.0,0.0,0.0,0.0,0.001,10000000.0,,,0.0,,,0.0,,0.0,,0.0,,0.0,,,,,2825.0,-4035.0,,1000.0,,0.0,,0.0,,,,0.0,-3761.0,,,,-16200.0,1400.0,10000005.0,
2013-06-30,2013-08-05,10-Q,SMSA Crane Acquisition Corp.,SSCR,CIK0001473287,USD,,,,56635.0,,,229.0,,229.0,229.0,,,,,,0.001,100000000.0,10000005.0,10000005.0,10000.0,,,,,,,,,0.0,,,,-68855.0,,,,,0.0,,,,659.0,-1859.0,-1859.0,,,,,,,,,,,,,,,,,,,,,2449.0,229.0,,,,,,,-1859.0,,1859.0,,16800.0,,,,,,-1859.0,659.0,,,,,,,0.001,10000000.0,,,0.0,,,,,,,,,,,,,,1200.0,,,,,0.0,,0.0,,,,,-2220.0,,,,-16800.0,,10000005.0,
2013-09-30,2013-11-19,10-Q,SMSA Crane Acquisition Corp.,SSCR,CIK0001473287,USD,,,2165.0,58835.0,,,264.0,,264.0,264.0,,,,,,0.001,100000000.0,10000005.0,10000005.0,10000.0,,,,,,,,,0.0,,,,-70736.0,,,,,0.0,,,,380.0,-1880.0,-1880.0,,,,,,,,,,,,,,,,,,,,,2165.0,264.0,,,,,,,-1880.0,,1880.0,,17500.0,,,,,0.0,-1880.0,380.0,,,,,,,0.001,10000000.0,,,0.0,,,,,,,,,,,,,,1500.0,,,,,0.0,,0.0,,,,,-1901.0,,,,-17500.0,,10000005.0,
2013-12-31,2014-04-15,10-K,SMSA Crane Acquisition Corp.,SSCR,CIK0001473287,USD,22910.0,,22910.0,58835.0,58835.0,,238.0,,238.0,238.0,-636.0,,,238.0,,0.001,100000000.0,10000005.0,10000005.0,10000.0,,0.0,0.0,,,,0.0,0.0,0.0,32400.0,32400.0,,-95332.0,,3825.0,,3825.0,0.0,0.34,,0.0,7346.0,-32371.0,-32371.0,,,0.0,0.0,,,-11000.0,11000.0,0.0,22310.0,,,,,,,,,,0.0,26735.0,238.0,,9425.0,,0.0,-10061.0,,-32371.0,,32371.0,,32400.0,,,,,,,7346.0,11000.0,,,,,,0.001,10000000.0,0.0,0.0,0.0,,,5600.0,5600.0,0.0,,,,3825.0,,,3825.0,,25025.0,-32371.0,,,,0.0,-95332.0,0.0,,,-26497.0,0.0,-26497.0,,,,-32400.0,11000.0,10000005.0,
2014-03-31,2014-05-15,10-Q,SMSA Crane Acquisition Corp.,SSCR,CIK0001473287,USD,40998.0,,,3001130.0,,,2942177.0,,,2942177.0,2941939.0,,,2942177.0,,0.001,100000000.0,11018848.0,11018848.0,11019.0,,,,,,,,,,,,,-140204.0,,,,29234.0,0.0,,,,5665.0,-44872.0,-44872.0,,,,0.0,,,,,,18088.0,,,,,,,,,,0.0,70232.0,2942177.0,,2968723.0,,0.0,-26784.0,,-44872.0,,44872.0,,,,,,,,,,,,,,,,0.001,10000000.0,,,0.0,,,375.0,375.0,2942939.0,,2942939.0,,25409.0,,,25409.0,,39207.0,-44872.0,,,,0.0,,0.0,,,,,2871945.0,,,,,,10509427.0,
2014-06-30,2014-08-12,10-Q,SMSA Crane Acquisition Corp.,SSCR,CIK0001473287,USD,40557.0,,,,4159081.0,,4021338.0,,,238.0,,,,,,0.001,100000000.0,11423648.0,11423648.0,11424.0,,,,,,,,,,,,,,4021100.0,,,,0.0,,,,1680.0,,-49520.0,,,,,,,,,,,,,,,,,,,,,40557.0,4021338.0,,,,,,,-49520.0,,49520.0,,,,,,,,,,,,,,,,0.001,10000000.0,0.0,0.0,,,,,,,,,,,,,,,47840.0,,,,,,-189724.0,,,,,,3980781.0,,,,,,11303543.0,
2014-09-30,2014-11-14,10-Q,SMSA Crane Acquisition Corp.,SSCR,CIK0001473287,USD,6448.0,,,,4657076.0,,4470139.0,,,238.0,,,,,,0.001,100000000.0,11611748.0,11611748.0,11612.0,,,,,,,,,,,,,,4469901.0,,,,0.0,,,,2765.0,,-15273.0,,,,,,,,,,,,,,,,,,,,,6448.0,4470139.0,,,,,,,-15273.0,,15273.0,,,,,,,,,,,,,,,,0.001,10000000.0,0.0,0.0,,,,,,,,,,,,,,,11546.0,,,,,,-204997.0,,,,,,4463691.0,,,,,,11499297.0,
2014-12-31,2015-04-10,10-K,SMSA Crane Acquisition Corp.,SSCR,CIK0001473287,USD,,,402.0,,49546.0,,,,,,-238.0,,,,,0.001,100000000.0,11663448.0,11663448.0,11664.0,,,,,,,,,,71400.0,71400.0,,,,,,148760.0,-0.01,0.34,,,13218.0,,-115040.0,,,,,,,-39000.0,39000.0,,-22508.0,,,,,,,,,,,149162.0,,,137310.0,,,-137548.0,,-115040.0,,115040.0,,210000.0,4754961.0,,,,,,,,,,,,,0.001,10000000.0,0.0,0.0,,,,375.0,,4746961.0,4746961.0,,,,,,144935.0,,101822.0,,,,,,-210372.0,,,,,,-149162.0,,,,,39000.0,11240808.0,
2015-03-31,2015-05-14,10-Q,SMSA Crane Acquisition Corp.,SSCR,CIK0001473287,USD,,,402.0,,49546.0,,,,,,,,,,,0.001,100000000.0,11663448.0,11663448.0,11664.0,,,,,,,,,,,,,,,,,168238.0,0.0,,,,1818.0,,-19478.0,,,,,,,,,,,,,,,,,,,,,168640.0,,,19478.0,19478.0,,-19478.0,-19478.0,-19478.0,,19478.0,,,4754961.0,,,,,,,,,,,,,0.001,10000000.0,0.0,0.0,,,,,,,,,,,,19478.0,19478.0,,17660.0,,,,,,-229850.0,,,,,,-168640.0,,,,,,11663448.0,
2015-06-30,2015-08-13,10-Q,SMSA Crane Acquisition Corp.,SSCR,CIK0001473287,USD,,,35694.0,,49546.0,,,,,,,,,,,0.001,100000000.0,11663448.0,11663448.0,11664.0,,,,,,,,,,,,,,,,,147383.0,0.0,,,,1809.0,,-14437.0,,,,,,,,,,,,,,,,,,,,,183077.0,,,,,,,,-14437.0,,14437.0,,,,,,,,,,,,,,,,0.001,10000000.0,0.0,0.0,,,,,,,,,,,,,,,8925.0,,,,,,-244287.0,,,,,,-183077.0,,,,,,11663448.0,
2015-09-30,2015-11-20,10-Q,SMSA Crane Acquisition Corp.,SSCR,CIK0001473287,USD,,,43381.0,,49546.0,,,,,,,,,,,0.001,100000000.0,11663448.0,11663448.0,11664.0,,,,,,,,,,,,,,,,,154110.0,0.0,,,,1865.0,,-14414.0,,,,,,,,,,,,,,,,,,,,,197491.0,,,,,,,,-14414.0,,14414.0,,,,,,,,,,,,,,,,0.001,10000000.0,0.0,0.0,,,,,,,,,,,,,,,11400.0,,,,,,-258701.0,,,,,,-197491.0,,,,,,11663448.0,
2016-12-31,2017-06-13,10-K,SMSA Crane Acquisition Corp.,SSCR,CIK0001473287,USD,83272.0,,83272.0,,49546.0,,0.0,,,,,,,,,0.001,100000000.0,11663448.0,11663448.0,11664.0,,,,,,,,,,104000.0,104000.0,,,,155670.0,155670.0,5405.0,0.0,0.34,,,3662.0,,-16532.0,,,,,6000.0,,-6000.0,6000.0,,13953.0,13953.0,,,,,,,,,,244347.0,0.0,244347.0,2579.0,2579.0,,-2579.0,-2579.0,-16532.0,,16532.0,,306000.0,,83272.0,,,,,,,,,,,,0.001,10000000.0,0.0,0.0,,,,,,,,,,,,2579.0,,,12870.0,,,,,,-305557.0,,,,,,-244347.0,,,,,6000.0,11663448.0,
2017-03-31,2017-06-13,10-Q,SMSA Crane Acquisition Corp.,SSCR,CIK0001473287,USD,,,81352.0,,49546.0,,,,,,,,,,,0.001,100000000.0,11663448.0,11663448.0,11664.0,,,,,,,,,,104200.0,104200.0,,,,157195.0,,6618.0,0.0,0.34,,,818.0,,-818.0,,,,,,,-300.0,300.0,,-1920.0,-1920.0,,,,,,,,,,245165.0,,,2738.0,2738.0,,-2738.0,-2738.0,-818.0,,818.0,,307000.0,,,,,,,,,,,,,,0.001,10000000.0,0.0,0.0,,,,,,,,,,,,1525.0,1525.0,,,,,,,,-306375.0,,,,,,-245165.0,,,,,300.0,11663448.0,
2017-06-30,2017-08-16,10-Q,SMSA Crane Acquisition Corp.,SSCR,CIK0001473287,USD,,,,,338357.0,,,,,,,,,,,0.001,100000000.0,10047495.0,10047495.0,10048.0,,,,,,130000.0,,,,,,,,,,,,0.0,,,,5030.0,,-42030.0,,,,,,,,,,,,,,,,,,,,,,,,,,,,,-42030.0,,42030.0,,,,,,,,,,,,,,,,0.001,10000000.0,0.0,0.0,,,,,,,,,,,,,,,37000.0,,,,,,-348405.0,,,,,,,,,157195.0,,,10644995.0,
2017-09-30,2017-11-13,10-Q,SMSA Crane Acquisition Corp.,SSCR,CIK0001473287,USD,,,,,338357.0,,29869.0,,,29869.0,,,,,,0.001,100000000.0,10047495.0,10047495.0,10048.0,,,,,,,,,,,,,,,39115.0,,,0.0,,,,3321.0,,-12166.0,,,,,,,,,,,,,,,,,,,,,42035.0,29869.0,,,,,,,-12166.0,,12166.0,,,,2920.0,,,,,,,,,,,,0.001,10000000.0,0.0,0.0,,,,,,,,,,,,,,,8845.0,,,,,,-360571.0,,,,,,-12166.0,,,,,,10047495.0,
2017-12-31,2018-04-17,10-K,SMSA Crane Acquisition Corp.,SSCR,CIK0001473287,USD,7393.0,,,,341928.0,0.0,,19265.0,,19265.0,19265.0,,,,,0.001,100000000.0,10047495.0,10047495.0,10048.0,,,,,,133572.0,,,,79600.0,79600.0,,,,39115.0,,,-0.01,0.21,,,15138.0,,-73662.0,,,,,-24400.0,49400.0,-25000.0,,,,57693.0,,,,,,,,,,46508.0,19265.0,46508.0,35234.0,,,-15969.0,,-73662.0,,73662.0,,379000.0,,,,,,,,,,,,,,0.001,10000000.0,0.0,0.0,,,,,,,,,,,,,39115.0,-5405.0,58524.0,,,,5405.0,,-379219.0,,,,,,-27243.0,157194.0,,157194.0,,-24400.0,10196461.0,
2018-03-31,2018-05-21,10-Q,SMSA Crane Acquisition Corp.,SSCR,CIK0001473287,USD,4560.0,,,,341928.0,0.0,,9551.0,,8551.0,-10714.0,,,,,0.001,100000000.0,10047495.0,10047495.0,10048.0,,,,,,,,,,81000.0,81000.0,,,,39115.0,,,0.0,0.21,,,850.0,,-6881.0,,,,,,,-1400.0,1400.0,,,-2833.0,,,,,,,,1000.0,,43675.0,9551.0,43675.0,,,,-10714.0,,-6881.0,,6881.0,,386000.0,,,,,,,,,,,,,,0.001,10000000.0,0.0,0.0,,1000.0,,,,,,,,,,,,,6031.0,,,,,,-386100.0,,,,,,-34124.0,,0.0,,,1400.0,10047495.0,
2018-06-30,2019-12-16,10-Q,SMSA Crane Acquisition Corp.,SSCR,CIK0001473287,USD,15959.0,,,,341928.0,,,,,,,,,,,0.001,100000000.0,10047495.0,10047495.0,10048.0,,,,,,,,,,,,,,,39115.0,,,0.0,,,,4374.0,,-20950.0,,,,,,,,,,,,,,,,,,,,,55074.0,,55074.0,,,,,,-20950.0,,20950.0,,,,,,,,,,,,,,,,0.001,10000000.0,0.0,0.0,,,,,,,,,,,,,,,16576.0,,,,,,-407050.0,,,,,,-55074.0,,0.0,,,,10047495.0,
2018-09-30,2020-01-15,10-Q,SMSA Crane Acquisition Corp.,SSCR,CIK0001473287,USD,17595.0,,,,341928.0,,,,,,,,,,,0.001,100000000.0,10047495.0,10047495.0,10048.0,,,,,,,,,,,,,,,39115.0,,,0.0,,,,987.0,,-1636.0,,,,,,,,,,,,,,,,,,,,,56710.0,,56710.0,,,,,,-1636.0,,1636.0,,,,,,,,,,,,,,,,0.001,10000000.0,0.0,0.0,,,,,,,,,,,,,,,649.0,,,,,,-408686.0,,,,,,-56710.0,,,,,,10047495.0,
2018-12-31,2020-05-01,10-K,SMSA Crane Acquisition Corp.,SSCR,CIK0001473287,USD,21691.0,,,,341928.0,0.0,,2826.0,2826.0,2826.0,-16439.0,,,,,0.001,100000000.0,10047495.0,10047495.0,10048.0,,,,,,,,,,87700.0,87700.0,,,,46615.0,,,0.0,,,,7162.0,,-38237.0,,,,,8100.0,,-8100.0,,,,14298.0,,,,,,,,,,68306.0,2826.0,68306.0,7500.0,,,-23939.0,,-38237.0,,38237.0,,417000.0,,,,,,,,,,,,,,0.001,10000000.0,0.0,0.0,,,,,,,,,,,,,7500.0,,31075.0,,,,,,-417456.0,,,,,,-65480.0,,,157194.0,,8100.0,10047495.0,
2019-03-31,2020-06-04,10-Q,SMSA Crane Acquisition Corp.,SSCR,CIK0001473287,USD,24329.0,,,,341928.0,0.0,,2826.0,,2826.0,,,,,,0.001,100000000.0,10047495.0,10047495.0,10048.0,,,,,,,,,,,,,,,46615.0,,,0.0,,,,769.0,,-2638.0,,,,,,,,,,,2638.0,,,,,,,,,,70944.0,2826.0,70944.0,,,,,,-2638.0,,2638.0,,,,,,,,,,,,,,,,0.001,10000000.0,0.0,0.0,,,,,,,,,,,,,,,1869.0,-2638.0,,,,,-420094.0,,,,,,-68118.0,,0.0,,,,10047495.0,
2019-06-30,2020-10-05,10-Q,SMSA Crane Acquisition Corp.,SSCR,CIK0001473287,USD,23346.0,,,,341928.0,,,547.0,,547.0,,,,,,0.001,100000000.0,10047495.0,10047495.0,10048.0,,,,,,,,,,,,,,,46615.0,,,0.0,,,,886.0,,-1296.0,,,,,,,,,,,,,,,,,,,,,69961.0,547.0,69961.0,,,,,,-1296.0,,1296.0,,,,,,,,,,,,,,,,0.001,10000000.0,0.0,0.0,,,,,,,,,,,,,,,410.0,-1296.0,,,,,-421390.0,,,,,,-69414.0,,0.0,,,,10047495.0,
2019-09-30,2021-07-20,10-Q,SMSA Crane Acquisition Corp.,SSCR,CIK0001473287,USD,25015.0,,,,341928.0,,,,,,,,,,,0.001,100000000.0,10047495.0,10047495.0,10048.0,,,,,,,,,,,,,,,46615.0,,,0.0,,,,1160.0,,-2216.0,,,,,,,,,,,,,,,,,,,,,71630.0,,71630.0,,,,,,-2216.0,,2216.0,,,,,,,,,,,,,,,,0.001,10000000.0,0.0,0.0,,,,,,,,,,,,,,,1056.0,-2216.0,,,,,-423606.0,,,,,,-71630.0,,,,,,10047495.0,
2019-12-31,2021-09-10,10-K,SMSA Crane Acquisition Corp.,SSCR,CIK0001473287,USD,14516.0,,,,341928.0,0.0,,19730.0,19730.0,19730.0,16904.0,,16904.0,,,0.001,100000000.0,10047495.0,10047495.0,10048.0,,,,,,,,,,89900.0,89900.0,,,,81615.0,,,0.0,,,,3980.0,,-10921.0,0.0,,,,2200.0,,-2200.0,,,,-7175.0,,,,,35000.0,,,,,96131.0,19730.0,96131.0,35000.0,,,-18096.0,,-10921.0,,10921.0,,428000.0,,,,,,,,,,,,,,0.001,10000000.0,0.0,0.0,,,,,,,,,,,,,35000.0,,6941.0,-10921.0,,,,,-428377.0,,,,,,-76401.0,,0.0,,,2200.0,10047495.0,
2020-03-31,2021-09-23,10-Q,SMSA Crane Acquisition Corp.,SSCR,CIK0001473287,USD,19065.0,,,,341928.0,0.0,,10998.0,,10998.0,,,-8732.0,,,0.001,100000000.0,10047495.0,10047495.0,10048.0,,,,,,,,,,,,,,,81615.0,,,0.0,,,,2295.0,,-13281.0,,,,,,,,,,,4549.0,,,,,,,,,,100680.0,10998.0,100680.0,,,,-8732.0,,-13281.0,,13281.0,,,,,,,,,,,,,,,,0.001,10000000.0,0.0,0.0,,,,,,,,,,,,,,,10986.0,-13281.0,,,,,-441658.0,,,,,,-102470.0,,0.0,,,,10047495.0,
2020-06-30,2021-09-24,10-Q,SMSA Crane Acquisition Corp.,SSCR,CIK0001473287,USD,25036.0,,,,341928.0,,,4181.0,,4181.0,,,,,,0.001,100000000.0,10047495.0,10047495.0,10048.0,,,,,,,,,,,,,,,81615.0,,,0.0,,,,3226.0,,-12788.0,,,,,,,,,,,,,,,,,,,,,106651.0,4181.0,106651.0,,,,,,-12788.0,,12788.0,,,,,,,,,,,,,,,,0.001,10000000.0,0.0,0.0,,,,,,,,,,,,,,,9562.0,-2608.0,,,,,-454446.0,,,,,,-89682.0,,,,,,10047495.0,
2020-09-30,2021-09-27,10-Q,SMSA Crane Acquisition Corp.,SSCR,CIK0001473287,USD,27075.0,,,,341928.0,,,3612.0,,3612.0,,,,,,0.001,100000000.0,10047495.0,10047495.0,10048.0,,,,,,,,,,,,,,,81615.0,,,0.0,,,,2039.0,,-2608.0,,,,,,,,,,,,,,,,,,,,,108690.0,3612.0,108690.0,,,,,,-2608.0,,2608.0,,,,,,,,,,,,,,,,0.001,10000000.0,0.0,0.0,,,,,,,,,,,,,,,569.0,-12788.0,,,,,-457054.0,,,,,,-105078.0,,,,,,10047495.0,
2020-12-31,2021-09-28,10-K,SMSA Crane Acquisition Corp.,SSCR,CIK0001473287,USD,27275.0,,,,341928.0,0.0,,1824.0,1824.0,1824.0,,,-17906.0,,,0.001,100000000.0,10047495.0,10047495.0,10048.0,,,,,,,,,,96300.0,96300.0,,,,81615.0,,,0.0,,,,21804.0,,-30665.0,0.0,,,,6400.0,,-6400.0,,,,12759.0,,,,,,,,,,108890.0,1824.0,108890.0,,,,-17906.0,,-30665.0,,30665.0,,459000.0,,,,,,,,,,,,,,0.001,10000000.0,0.0,0.0,,,,,,,,,,,,,,,8861.0,-30665.0,,,,,-459042.0,,,,,,-107066.0,,0.0,,,6400.0,10047495.0,
2021-03-31,2021-09-28,10-Q,SMSA Crane Acquisition Corp.,SSCR,CIK0001473287,USD,28609.0,,,,341928.0,0.0,,1824.0,,1824.0,,,,,,0.001,100000000.0,10047495.0,10047495.0,10048.0,,,,,,,,,,,,,,,81615.0,,,0.0,,,,1334.0,,-1334.0,,,,,,,,,,,1334.0,,,,,,,,,,110224.0,1824.0,110224.0,,,,,,-1334.0,,1334.0,,,,,,,,,,,,,,,,0.001,10000000.0,0.0,0.0,,,,,,,,,,,,,,,,-1334.0,,,,,-460376.0,,,,,,-11934.0,,0.0,,,,10047495.0,
2021-06-30,2021-09-28,10-Q,SMSA Crane Acquisition Corp.,SSCR,CIK0001473287,USD,20543.0,,,,341928.0,,,1824.0,,1824.0,,,,,,0.001,100000000.0,10047495.0,10047495.0,10048.0,,,,,,,,,,,,,,,81615.0,,,0.0,,,,1934.0,,-11934.0,,,,,,,,,,,,,,,,,,,,,122158.0,1824.0,122158.0,,,,,,-11934.0,20000.0,11934.0,,,,,,,,,,,,,,,,0.001,10000000.0,0.0,0.0,,,,,,,,,,,,,,,10000.0,-36352.0,,,,,-472310.0,,,,,,-108400.0,,,,,,10047495.0,
2021-09-30,2021-11-22,10-Q,SMSA Crane Acquisition Corp.,SSCR,CIK0001473287,USD,38071.0,,,,341928.0,,,,,,,,,,,0.001,100000000.0,10047495.0,10047495.0,10048.0,,,,,,,,,,,,,,,81615.0,,,0.0,,,,6852.0,,-36352.0,,,,,,,,,,,,,,,,,,,,,156686.0,,156686.0,,,,,,-36352.0,37000.0,36352.0,,,,,,,,,,,,,,,,0.001,10000000.0,0.0,0.0,,,,,,,,,,,,,,,29500.0,-11934.0,,,,,-508662.0,,,,,,-156686.0,,,,,,10047495.0,
