end,filed,form,Name,Ticker,CIK,Currency,AccountsAndOtherReceivablesNetCurrent,AccountsPayableCurrent,AccountsPayableRelatedPartiesCurrent,AccountsReceivableNetCurrent,AccountsReceivableRelatedPartiesCurrent,AccruedLiabilitiesCurrent,AdditionalPaidInCapital,AdjustmentsToAdditionalPaidInCapitalMarkToMarket,AdjustmentsToAdditionalPaidInCapitalOther,AdvertisingExpense,AllowanceForDoubtfulAccountsReceivable,AllowanceForDoubtfulAccountsReceivableCurrent,AmortizationOfDebtDiscountPremium,AntidilutiveSecuritiesExcludedFromComputationOfEarningsPerShareAmount,Assets,AssetsCurrent,AssetsNoncurrent,Cash,CashAndCashEquivalentsAtCarryingValue,CashAndCashEquivalentsPeriodIncreaseDecrease,CashCashEquivalentsRestrictedCashAndRestrictedCashEquivalentsIncludingDisposalGroupAndDiscontinuedOperations,CashCashEquivalentsRestrictedCashAndRestrictedCashEquivalentsPeriodIncreaseDecreaseIncludingExchangeRateEffect,CashFDICInsuredAmount,CashPeriodIncreaseDecrease,ClassOfWarrantOrRightOutstanding,CommonStockParOrStatedValuePerShare,CommonStockShareSubscribedButUnissuedSubscriptionsReceivable,CommonStockSharesAuthorized,CommonStockSharesIssued,CommonStockSharesOutstanding,CommonStockValue,ConcentrationRiskPercentage1,ContractWithCustomerAssetNetCurrent,ContractWithCustomerLiabilityCurrent,CostOfGoodsAndServicesSold,CostOfRevenue,DeferredRentCreditNoncurrent,DeferredTaxAssetsGross,DeferredTaxAssetsNet,DeferredTaxAssetsOperatingLossCarryforwards,DeferredTaxAssetsValuationAllowance,DeferredTaxLiabilities,DepositsAssetsNoncurrent,DepreciationAndAmortization,DueFromOtherRelatedPartiesCurrent,DueToRelatedPartiesCurrent,EarningsPerShareBasicAndDiluted,EffectiveIncomeTaxRateReconciliationAtFederalStatutoryIncomeTaxRate,GeneralAndAdministrativeExpense,GrossProfit,IncomeLossFromContinuingOperationsBeforeIncomeTaxesExtraordinaryItemsNoncontrollingInterest,IncomeTaxesPaidNet,IncomeTaxReconciliationChangeInDeferredTaxAssetsValuationAllowance,IncomeTaxReconciliationForeignIncomeTaxRateDifferential,IncomeTaxReconciliationIncomeTaxExpenseBenefitAtFederalStatutoryIncomeTaxRate,IncomeTaxReconciliationStateAndLocalIncomeTaxes,IncreaseDecreaseDueFromOtherRelatedParties,IncreaseDecreaseInAccountsPayable,IncreaseDecreaseInAccountsPayableRelatedParties,IncreaseDecreaseInAccountsPayableTrade,IncreaseDecreaseInAccountsReceivable,IncreaseDecreaseInAccountsReceivableRelatedParties,IncreaseDecreaseInAccruedLiabilities,IncreaseDecreaseInContractWithCustomerAsset,IncreaseDecreaseInContractWithCustomerLiability,IncreaseDecreaseInDepositOtherAssets,IncreaseDecreaseInDeposits,IncreaseDecreaseInInventories,IncreaseDecreaseInPrepaidDeferredExpenseAndOtherAssets,IncreaseDecreaseInPrepaidExpense,InterestExpense,InterestExpenseDebt,InterestExpenseRelatedParty,InterestPaidNet,InventoryNet,IssuanceOfStockAndWarrantsForServicesOrClaims,Liabilities,LiabilitiesAndStockholdersEquity,LiabilitiesCurrent,LiabilitiesNoncurrent,LongTermDebt,LongTermDebtMaturitiesRepaymentsOfPrincipalAfterYearFive,LongTermDebtMaturitiesRepaymentsOfPrincipalInYearFive,LongTermDebtMaturitiesRepaymentsOfPrincipalInYearFour,LongTermDebtMaturitiesRepaymentsOfPrincipalInYearThree,NetCashProvidedByUsedInFinancingActivities,NetCashProvidedByUsedInOperatingActivities,NetIncomeLoss,NonoperatingIncomeExpense,NotesPayableCurrent,NotesPayableRelatedPartiesClassifiedCurrent,OperatingExpenses,OperatingIncomeLoss,OperatingLeaseLiability,OperatingLeaseLiabilityNoncurrent,OperatingLeaseRightOfUseAsset,OperatingLeasesFutureMinimumPaymentsDueFutureMinimumSubleaseRentals,OperatingLeasesRentExpenseNet,OperatingLeaseWeightedAverageDiscountRatePercent,OperatingLossCarryforwards,OtherNonoperatingExpense,OtherNonoperatingIncome,OtherNonoperatingIncomeExpense,OtherNotesPayableCurrent,OtherPrepaidExpenseCurrent,PaymentsForRent,PreferredStockParOrStatedValuePerShare,PreferredStockSharesAuthorized,PreferredStockSharesOutstanding,PrepaidExpenseAndOtherAssetsCurrent,PrepaidRent,ProceedsFromIssuanceOfCommonStock,ProceedsFromIssuanceOfLongTermDebt,ProceedsFromNotesPayable,ProceedsFromOtherDebt,ProceedsFromRelatedPartyDebt,ProvisionForDoubtfulAccounts,RepaymentsOfNotesPayable,RepaymentsOfRelatedPartyDebt,RetainedEarningsAccumulatedDeficit,RevenueFromContractWithCustomerExcludingAssessedTax,Revenues,SecurityDeposit,SellingExpense,SellingGeneralAndAdministrativeExpense,SharesIssuedPricePerShare,ShortTermBorrowings,StockholdersEquity,StockholdersEquityNoteSubscriptionsReceivable,StockIssued1,StockIssuedDuringPeriodSharesIssuedForServices,StockIssuedDuringPeriodSharesNewIssues,StockIssuedDuringPeriodValueConversionOfConvertibleSecurities,StockIssuedDuringPeriodValueIssuedForServices,StockIssuedDuringPeriodValueNewIssues,StockRedeemedOrCalledDuringPeriodShares,StockRedeemedOrCalledDuringPeriodValue,StockRepurchasedDuringPeriodValue,WeightedAverageNumberOfShareOutstandingBasicAndDiluted
2017-03-31,2017-05-22,10-Q,VERONI BRANDS CORP.,VONI,CIK0001693690,USD,,,,,,,,,,,,,,,,,,,,,,,,,,,,,,,,,,,,,,,,,,,,,,,0.0,,,,-789.0,,,,,,,,,,,,789.0,,,,,,,,,,,,,,,,,,,,,,,,,-789.0,,,,-789.0,-789.0,,,,,,,,,,,,,,,,,,,,,,,,,,,,,,,,,,,,,,,,,,,,,,20000000.0
2017-06-30,2017-07-31,10-Q,VERONI BRANDS CORP.,VONI,CIK0001693690,USD,,,,,,,,,,,,,,,,,,,,,,,,,,,,,,,,,,,,,,,,,,,,,,,0.0,,,,-250.0,,,,,,,,,,,,,,,,,,,,,,,,,,,,,,,,,,,,,-250.0,,,,-250.0,-250.0,,,,,,,,,,,,,,,,,,,,,,,,,,,,,,,,,,,,,,,,,,,,,,20000000.0
2017-09-30,2017-11-20,10-Q,VERONI BRANDS CORP.,VONI,CIK0001693690,USD,,,,,,750.0,3826.0,,,,,,,,0.0,,,,,,,,,,,0.0001,,100000000.0,10250000.0,10250000.0,1025.0,,,,,,,,,,,,,,,,0.0,,,,-250.0,,,,,,,,,,,,,,,,,,,,,,,,,,750.0,0.0,,,,,,,,,,-250.0,,,,-250.0,-250.0,,,,,,,,,,,,,,0.0001,20000000.0,,,,,,,,,,,,-4601.0,,,,,,,,-750.0,,,,,,,,,,,16711957.0
2017-12-31,2018-03-30,10-K,VERONI BRANDS CORP.,VONI,CIK0001693690,USD,,10589.0,,,,750.0,83826.0,,81539.0,0.0,,0.0,,,49638.0,49638.0,,,595.0,,595.0,,,595.0,,0.0001,210.0,100000000.0,18300000.0,18300000.0,1830.0,,,,,,,2400.0,,2400.0,2400.0,2400.0,,,,,0.0,0.15,35122.0,,-44045.0,,2400.0,8500.0,6600.0,4300.0,,10589.0,,,,,,,,,,,833.0,833.0,,,,,,1000.0,,49638.0,11339.0,,,,,,,595.0,,-44045.0,,,,44045.0,-44045.0,,,,,,,,,,,,,,0.0001,20000000.0,,48833.0,,595.0,,,,,,,,-47357.0,,,,8923.0,44045.0,,,38299.0,,,,,,,805.0,,,,17370685.0
2018-03-31,2018-05-15,10-Q,VERONI BRANDS CORP.,VONI,CIK0001693690,USD,,15992.0,,,,8651.0,275246.0,,,0.0,,,,,225215.0,225215.0,,,3042.0,2447.0,,,,2447.0,,0.0001,,100000000.0,28396600.0,28396600.0,2840.0,,,,,,,,,,,,,,,,0.0,,30157.0,,-30157.0,,,,,,,5403.0,,,,,7901.0,,,,,168319.0,5021.0,5021.0,,,,,168319.0,,,225215.0,24643.0,,,,,,,192640.0,-190193.0,-30157.0,,,,30157.0,-30157.0,,,,,0.0,,,,,,,,,0.0001,20000000.0,,53854.0,,192640.0,,,,,,,,-77514.0,,,,,,0.01,,200572.0,,,9973000.0,10096600.0,,,192430.0,,,,25981844.0
2018-06-30,2018-08-14,10-Q,VERONI BRANDS CORP.,VONI,CIK0001693690,USD,,15404.0,,3238.0,,,364709.0,,,,,,,,192927.0,192927.0,,15000.0,15327.0,,15327.0,,,,,0.0001,,100000000.0,28515900.0,28515900.0,2852.0,,,,,5073.0,,,,,,,,,,1059.0,0.0,,78086.0,5996.0,-113583.0,,,,,,,,,,,,,,,,,,,,,,,,172703.0,,,192928.0,16463.0,,,,,,,,,-113583.0,,,,119579.0,-113583.0,,,,,,,,,,,,,,0.0001,20000000.0,,1659.0,,,,,,,,,,-191096.0,,11069.0,,41493.0,,,,176464.0,210.0,,,119300.0,,,89475.0,,,,28459096.0
2018-09-30,2018-11-13,10-Q,VERONI BRANDS CORP.,VONI,CIK0001693690,USD,,20830.0,,12988.0,,,381082.0,,,,,,,,188182.0,188182.0,,5000.0,5187.0,,5187.0,,,,,0.0001,,100000000.0,26544000.0,26544000.0,2654.0,,,,,3614.0,,,,,,,,,,1059.0,0.0,,19977.0,6337.0,-26346.0,,,,,,,,,,,,,,,,,,,,,,,,164939.0,,,188182.0,21889.0,,,,,,,,,-26346.0,,,,32683.0,-26346.0,,,,,,,,,,,,,,0.0001,20000000.0,,5068.0,,,,,,,,,,-217443.0,9951.0,9951.0,,12706.0,,,,166493.0,210.0,,,48500.0,,,36375.0,2020000.0,20200.0,20200.0,27710384.0
2018-12-31,2019-04-16,10-K,VERONI BRANDS CORP.,VONI,CIK0001693690,USD,,43713.0,,13160.0,,23921.0,409683.0,,,46564.0,9900.0,9948.0,,,330845.0,330845.0,,,2999.0,,2999.0,2404.0,,2404.0,,0.0001,,100000000.0,26538401.0,26538401.0,2656.0,,,,22651.0,22651.0,,64000.0,64000.0,64000.0,64000.0,,,,,157059.0,-0.01,0.15,145038.0,38682.0,-258830.0,,61600.0,7400.0,-51200.0,-17800.0,,57297.0,,,13160.0,,,,,,,208369.0,49484.0,,,,1000.0,,208369.0,15000.0,224693.0,330845.0,224693.0,,,,,,,449350.0,-446946.0,-258830.0,1000.0,,157059.0,296512.0,-257830.0,,,,,,,752000.0,,,,,,,0.0001,20000000.0,,106317.0,,301081.0,,,,156059.0,,8000.0,,-306187.0,61333.0,61333.0,,151474.0,,,,106152.0,210.0,,,,,15000.0,321283.0,2020000.0,-20200.0,,27179634.0
2019-03-31,2019-05-20,10-Q,VERONI BRANDS CORP.,VONI,CIK0001693690,USD,926300.0,497811.0,,506553.0,,94768.0,584407.0,,,2825.0,9900.0,9948.0,,,1752550.0,1752550.0,,,11831.0,8832.0,11831.0,8832.0,,,,0.0001,,100000000.0,26801397.0,26801397.0,2680.0,0.95,459811.0,390839.0,888442.0,888442.0,,,,,,,,,,161191.0,0.0,,47829.0,150914.0,-2959.0,,,,,,,454098.0,4132.0,,493393.0,,70847.0,459811.0,,,,548313.0,-88644.0,,19667.0,,,,756682.0,22498.0,,1752550.0,1474609.0,,,,,,,873089.0,-864257.0,-2959.0,19667.0,,,134206.0,16708.0,,,,,8645.0,,,,,,330000.0,,8645.0,0.0001,20000000.0,,17673.0,,152250.0,,330000.0,,,,,,-309146.0,1039356.0,1039356.0,,86377.0,,,,277941.0,,,29997.0,203000.0,,22498.0,152250.0,2020000.0,,,26656181.0
2019-06-30,2019-08-14,10-Q,VERONI BRANDS CORP.,VONI,CIK0001693690,USD,,332615.0,,23380.0,,162048.0,696892.0,,,,0.0,0.0,,,2706407.0,2697097.0,,,99112.0,,99112.0,,,,,0.0001,,100000000.0,26951398.0,26951398.0,2695.0,,1897042.0,1579149.0,80015.0,1757018.0,,,,,,,9310.0,,,140273.0,,,122317.0,534766.0,1511.0,,,,,,,,,,,,,,,,,,,,54742.0,,,,671748.0,,,2706407.0,2314455.0,,,,,,,,,1511.0,-115961.0,,100370.0,417294.0,117472.0,,,,,,,,,,,,,,0.0001,20000000.0,,5815.0,,,,,,,,,,-307635.0,2291784.0,2291784.0,,294977.0,,,,391952.0,,,,,,,,,,,26803046.0
2019-09-30,2019-11-14,10-Q,VERONI BRANDS CORP.,VONI,CIK0001693690,USD,,255045.0,,203715.0,,113601.0,696892.0,,,,0.0,0.0,,,1863612.0,1854302.0,,,109702.0,,109702.0,,,,,0.0001,,100000000.0,26951397.0,26951397.0,2695.0,,1021167.0,865577.0,383985.0,1589780.0,,,,,,,9310.0,,,,,,154788.0,310048.0,2404.0,,,,,,,,,,,,,,,,,,,,94625.0,,1000.0,,483801.0,,,1863612.0,1469256.0,,,,,,,,,2404.0,-95625.0,,61370.0,212019.0,98029.0,,,,61039.0,,,,,,,173663.0,,,0.0001,20000000.0,,35917.0,4655.0,,,,,,,,,-305231.0,1899828.0,,,57231.0,,,,394356.0,,,,,,,,,,,26951398.0
2019-12-31,2020-04-14,10-K,VERONI BRANDS CORP.,VONI,CIK0001693690,USD,,184561.0,546612.0,129565.0,,214816.0,699635.0,,,50117.0,2125.0,2125.0,112500.0,,2581912.0,2449746.0,132166.0,,99010.0,,99010.0,96011.0,,,,0.0001,,100000000.0,26738362.0,26738362.0,2674.0,,1554510.0,1414639.0,620500.0,5818438.0,1716.0,214359.0,214359.0,214359.0,214359.0,,9310.0,,,,-0.03,,773557.0,860352.0,-700813.0,1000.0,200000.0,,-147000.0,-53000.0,,140981.0,546612.0,140981.0,108582.0,7823.0,165895.0,1554510.0,143033.0,9310.0,-9310.0,402278.0,-50303.0,,140359.0,140359.0,1000.0,1000.0,610647.0,22496.0,2886603.0,2581912.0,2814530.0,72073.0,,,,,,1695791.0,-1599780.0,-700813.0,141359.0,215000.0,43370.0,1419806.0,-559454.0,,72073.0,122856.0,131613.0,52256.0,,752000.0,,,,,,52256.0,0.0001,20000000.0,,56014.0,4655.0,152250.0,,457591.0,,26311.0,,215000.0,,-1007000.0,6678790.0,,,646249.0,,,52499.0,10309.0,210.0,27591.0,,,215000.0,22497.0,152250.0,,25000.0,,26739853.0
2020-03-31,2020-05-15,10-Q,VERONI BRANDS CORP.,VONI,CIK0001693690,USD,,235008.0,371836.0,248703.0,,132015.0,959600.0,,,0.0,0.0,0.0,,,1700338.0,1691028.0,,,16169.0,,16169.0,-82841.0,,,,0.0001,,100000000.0,27085029.0,27085029.0,2709.0,,723096.0,661382.0,15357.0,734466.0,1905.0,,,,,,9310.0,,184848.0,,0.0,,193113.0,406219.0,126965.0,,,,,,184848.0,50447.0,-174776.0,50447.0,119138.0,,17199.0,-831414.0,-70033.0,,25000.0,-207009.0,43701.0,,,,,,403638.0,,1518064.0,1700338.0,1516159.0,,,,,,,-748568.0,665727.0,126965.0,23030.0,14859.0,,279254.0,126965.0,131613.0,,,,,,,,,,,43126.0,14433.0,0.0001,20000000.0,,114574.0,,45000.0,,,,,,,,-780035.0,1140685.0,,9310.0,86141.0,,,,182274.0,,,,,,45000.0,45000.0,,,,27075799.0
2020-06-30,2020-08-14,10-Q,VERONI BRANDS CORP.,VONI,CIK0001693690,USD,,296514.0,508475.0,223334.0,184848.0,51771.0,959600.0,,,,0.0,0.0,,,2203606.0,2194296.0,,,17345.0,,17345.0,,,,,0.0001,,100000000.0,27085028.0,27085028.0,2709.0,,1210560.0,977545.0,33398.0,1380161.0,1954.0,,,,,,9310.0,,,,,,233785.0,291771.0,9536.0,,,,,,,,,,,,,,,,,,,,,,,,463620.0,,2011796.0,2203606.0,2009842.0,,,,,,,,,9536.0,1000.0,,,283235.0,8536.0,131613.0,,,,,,,,1000.0,,,28750.0,,0.0001,20000000.0,,94589.0,,,,,,,,,,-770499.0,1671932.0,,9310.0,49450.0,,,9287.0,191810.0,,,,,,,,,,,27085030.0
2020-09-30,2020-11-23,10-Q,VERONI BRANDS CORP.,VONI,CIK0001693690,USD,,202226.0,646840.0,299161.0,184848.0,132912.0,959600.0,,,,0.0,0.0,,,2109629.0,2100319.0,,,147346.0,,147345.0,,0.0,,,0.0001,,100000000.0,27085028.0,27085028.0,2709.0,,838325.0,657258.0,25267.0,1472581.0,2003.0,,,,,,9310.0,,,646840.0,,,442808.0,574265.0,-18851.0,,,,,,,,,,,,,,,,,,,,,,,,503019.0,,1936670.0,2109629.0,1784767.0,,,,,,,,,-18851.0,-20301.0,,,593116.0,-18851.0,131613.0,,,,,,,,,,,64582.0,,0.0001,20000000.0,,127620.0,,,,,,,,,,-789350.0,2046846.0,,9310.0,150308.0,,,3715.0,172959.0,,,,,,,,,,,27085030.0
2020-12-31,2021-10-12,10-K,VERONI BRANDS CORP.,VONI,CIK0001693690,USD,,68869.0,783417.0,14303.0,,134137.0,959600.0,,,30935.0,0.0,0.0,,,1565149.0,1481118.0,84031.0,,116730.0,,116730.0,17720.0,,,0.0,0.0001,,100000000.0,26738362.0,26738362.0,2709.0,,793904.0,649502.0,464722.0,4426433.0,,321981.0,321981.0,321981.0,321981.0,,9310.0,,,,-0.01,,1175040.0,1155331.0,-379108.0,,108000.0,,-80000.0,-28000.0,,,235806.0,-115792.0,-117387.0,2125.0,-80679.0,-760606.0,-68233.0,,,-59990.0,-50490.0,,,,,,550657.0,,1988948.0,1565149.0,1823914.0,165034.0,149900.0,141024.0,3410.0,3285.0,2181.0,-556258.0,573978.0,-379108.0,,,,1534439.0,-379108.0,74217.0,15134.0,74721.0,,,0.05,1264558.0,,,,,,53031.0,0.0001,20000000.0,0.0,5524.0,,45000.0,149900.0,,,20000.0,,,62371.0,-1386108.0,5581764.0,,9310.0,359399.0,,,56939.0,-423799.0,,,,,215000.0,45000.0,,,,,27062042.0
2021-03-31,2021-10-28,10-Q,VERONI BRANDS CORP.,VONI,CIK0001693690,USD,,63148.0,572535.0,74556.0,,164226.0,1006847.0,,,0.0,0.0,0.0,,,1511475.0,1441068.0,70407.0,,122729.0,,122729.0,5999.0,,,,0.0001,,100000000.0,27112029.0,27112029.0,2712.0,,704055.0,843142.0,540.0,630051.0,,,,,,,9310.0,,,,,,293217.0,268125.0,-84380.0,,,,,,,,-210882.0,-5721.0,60253.0,,30089.0,-89849.0,-9700.0,,,-26284.0,9831.0,,,,,,524373.0,47250.0,1972404.0,1511475.0,1822504.0,149900.0,149900.0,141024.0,3410.0,3285.0,2181.0,193640.0,-187641.0,-84380.0,500.0,,,353005.0,-84880.0,59697.0,,61097.0,,,,,,500.0,,,,14670.0,0.0001,20000000.0,,15355.0,,,149900.0,,,,,,,-1470488.0,898176.0,,9310.0,59788.0,,,58103.0,-460929.0,,,,,,47250.0,,,,,27062042.0
2021-06-30,2021-11-12,10-Q,VERONI BRANDS CORP.,VONI,CIK0001693690,USD,,107656.0,910961.0,325622.0,,193959.0,1006847.0,,,,19408.0,19408.0,,,2256631.0,2200024.0,56607.0,,90784.0,,90784.0,,,,,0.0001,,100000000.0,27112029.0,27112029.0,2712.0,,1228066.0,1112856.0,14752.0,1240765.0,,,,,,,9310.0,,,,,,255983.0,344418.0,-25080.0,,,,,,,,,,,,,,,,,,,,,,,,552239.0,,2742640.0,2256631.0,2592740.0,149900.0,149900.0,141024.0,3410.0,3285.0,2181.0,,,-25080.0,-3504.0,,,365994.0,-21576.0,44885.0,,47297.0,,,,,3504.0,,,,,,0.0001,20000000.0,0.0,3313.0,,,,,,,,,,-1495568.0,1585183.0,,9310.0,110011.0,,,43958.0,-486009.0,,,,,,,,,,,27112029.0
2021-09-30,2021-11-26,10-Q,VERONI BRANDS CORP.,VONI,CIK0001693690,USD,,121103.0,832026.0,241688.0,,170133.0,1006847.0,,,,250427.0,250427.0,,,784573.0,741943.0,42630.0,,8967.0,,8967.0,,0.0,,,0.0001,,100000000.0,27085029.0,27085029.0,2712.0,,116888.0,102332.0,7773.0,405905.0,,,,,,,9310.0,,,,,,501586.0,377438.0,-228598.0,,,,,,,,,,,,,,,,,,,,731.0,,,,293991.0,,1499180.0,784573.0,1349180.0,150000.0,150000.0,141124.0,3410.0,3285.0,2181.0,,,-228598.0,,,,606309.0,-228871.0,30072.0,,33320.0,,,,,,1004.0,273.0,,,,0.0001,20000000.0,0.0,80409.0,,,,,,,,,,-1724166.0,783343.0,,9310.0,104723.0,,,29636.0,-714607.0,,,,,,,,,,,27112029.0
