end,filed,form,Name,Ticker,CIK,Currency,AccountsAndNotesReceivableNet,AccountsPayableAndOtherAccruedLiabilitiesCurrent,AccountsPayableCurrent,AccountsReceivableNetCurrent,AccumulatedDepreciationDepletionAndAmortizationPropertyPlantAndEquipment,AdditionalPaidInCapital,AdministrativeFeesExpense,AmortizationOfFinancingCostsAndDiscounts,AssetImpairmentCharges,Assets,AssetsCurrent,AssetsNoncurrent,Cash,CashCashEquivalentsRestrictedCashAndRestrictedCashEquivalentsPeriodIncreaseDecreaseExcludingExchangeRateEffect,CashPeriodIncreaseDecrease,CommonStockParOrStatedValuePerShare,CommonStockSharesAuthorized,CommonStockSharesIssued,CommonStockSharesOutstanding,CommonStockValue,CostOfGoodsAndServicesSold,CostOfRevenue,CustomerDepositsCurrent,DeferredTaxAssetsEquityMethodInvestments,DeferredTaxAssetsGoodwillAndIntangibleAssets,DeferredTaxAssetsGross,DeferredTaxAssetsOperatingLossCarryforwards,DeferredTaxAssetsValuationAllowance,Deposits,DepositsAssetsCurrent,Depreciation,DepreciationAndAmortizationDiscontinuedOperations,DepreciationDepletionAndAmortization,DiscontinuedOperationGainLossOnDisposalOfDiscontinuedOperationNetOfTax,DiscontinuedOperationIncomeLossFromDiscontinuedOperationDuringPhaseOutPeriodNetOfTax,DisposalGroupIncludingDiscontinuedOperationCostsOfGoodsSold,DisposalGroupIncludingDiscontinuedOperationDepreciationAndAmortization,DisposalGroupIncludingDiscontinuedOperationGrossProfitLoss,DisposalGroupIncludingDiscontinuedOperationRevenue,DueFromRelatedPartiesCurrent,DueToRelatedPartiesCurrent,DueToRelatedPartiesCurrentAndNoncurrent,DueToRelatedPartiesNoncurrent,EarningsPerShareBasicAndDiluted,EffectiveIncomeTaxRateContinuingOperations,EffectiveIncomeTaxRateReconciliationAtFederalStatutoryIncomeTaxRate,EffectiveIncomeTaxRateReconciliationChangeInDeferredTaxAssetsValuationAllowance,EffectiveIncomeTaxRateReconciliationPriorYearIncomeTaxes,FiniteLivedIntangibleAssetsAccumulatedAmortization,FiniteLivedIntangibleAssetsAmortizationExpenseRollingAfterYearFive,FiniteLivedIntangibleAssetsAmortizationExpenseRollingYearFive,FiniteLivedIntangibleAssetsAmortizationExpenseRollingYearFour,FiniteLivedIntangibleAssetsAmortizationExpenseRollingYearThree,FiniteLivedIntangibleAssetsAmortizationExpenseRollingYearTwo,FiniteLivedIntangibleAssetsNet,FiniteLivedNoncompeteAgreementsGross,FiniteLivedPatentsGross,GeneralAndAdministrativeExpense,GrossProfit,ImpairmentOfIntangibleAssetsFinitelived,ImpairmentOfInvestments,IncomeLossFromContinuingOperations,IncomeLossFromDiscontinuedOperationsNetOfTax,IncomeTaxReconciliationChangeInDeferredTaxAssetsValuationAllowance,IncomeTaxReconciliationIncomeTaxExpenseBenefitAtFederalStatutoryIncomeTaxRate,IncreaseDecreaseInAccountsPayableRelatedParties,IncreaseDecreaseInAccountsReceivable,IncreaseDecreaseInCustomerDeposits,IncreaseDecreaseInDeposits,IncreaseDecreaseInInventories,IndefiniteLivedIntangibleAssetsExcludingGoodwill,IntangibleAssetsCurrent,InterestExpense,InterestPaidNet,InventoryNet,Investments,IssuanceOfStockAndWarrantsForServicesOrClaims,Liabilities,LiabilitiesAndStockholdersEquity,LiabilitiesCurrent,LiabilitiesNoncurrent,LongTermDebtCurrent,MachineryAndEquipmentGross,MarketingAndAdvertisingExpense,NetCashProvidedByUsedInFinancingActivities,NetCashProvidedByUsedInInvestingActivities,NetCashProvidedByUsedInOperatingActivities,NetIncomeLoss,NetIncomeLossAttributableToNonredeemableNoncontrollingInterest,NonoperatingIncomeExpense,NotesPayable,NotesPayableCurrent,OperatingExpenses,OperatingIncomeLoss,OtherLiabilitiesCurrent,OtherNotesPayable,PaymentsToAcquireMachineryAndEquipment,PreferredStockNoParValue,PreferredStockSharesAuthorized,PreferredStockSharesIssued,PreferredStockSharesOutstanding,ProceedsFromNotesPayable,ProceedsFromRelatedPartyDebt,ProfessionalFees,ProfitLoss,PropertyPlantAndEquipmentNet,PropertyPlantAndEquipmentOther,PropertyPlantAndEquipmentOtherNet,RetainedEarningsAccumulatedDeficit,Revenues,ShareBasedCompensation,ShareBasedCompensationArrangementByShareBasedPaymentAwardOptionsForfeituresAndExpirationsInPeriod,StockholdersEquity,StockIssuedDuringPeriodValueAcquisitions,StockIssuedDuringPeriodValueConversionOfConvertibleSecurities,StockIssuedDuringPeriodValueIssuedForServices,StockIssuedDuringPeriodValueOther,StockIssuedDuringPeriodValuePurchaseOfAssets,StockIssuedDuringPeriodValueShareBasedCompensationGross,WeightedAverageNumberOfShareOutstandingBasicAndDiluted,AccountsPayableRelatedPartiesCurrent,PropertyPlantAndEquipmentGross
2019-11-30,2020-01-21,10-Q,"MJ Harvest, Inc.",MJHI,CIK0001789330,USD,,,15470.0,100.0,,2096611.0,17076.0,,,222762.0,56029.0,166733.0,3150.0,,,50000000.0,0.0001,20007739.0,20007739.0,2001.0,24626.0,,,,,,,,,,,,,,,,,,,705663.0,705663.0,,,-0.02,,,,,,,,,,,148334.0,,,,42504.0,100000.0,,-315465.0,,,,,,,,,,,,,44295.0,,,939633.0,222762.0,,924163.0,,18399.0,,,,,-315465.0,,,,,357969.0,,,,,5000000.0,0.0001,0.0,0.0,,,128393.0,,,,,-2815483.0,67130.0,,,-716871.0,,,,,,185125.0,19538464.0,,
2020-02-29,2020-05-28,10-Q,"MJ Harvest, Inc.",MJHI,CIK0001789330,USD,,,27172.0,100.0,,2336995.0,9166.0,,,208046.0,46323.0,161723.0,3150.0,,,0.0001,50000000.0,20969659.0,20969659.0,2097.0,18001.0,,,,,,,,,,,,,,,,,,,760482.0,760482.0,,,-0.01,,,,,,,,,,,144584.0,,,,12002.0,,,-203217.0,,,,,,,,,,,,,43073.0,,,887654.0,208046.0,,860482.0,,17139.0,,,,,-203217.0,,,,,215219.0,,,,,0.0001,5000000.0,0.0,0.0,,,96053.0,,,,,-3018700.0,30003.0,,,,,,,,,,20192611.0,,
2020-05-31,2020-09-14,10-K,"MJ Harvest, Inc.",MJHI,CIK0001789330,USD,,,62801.0,19216.0,9230.0,3763374.0,84779.0,,758000.0,611112.0,104399.0,506713.0,32343.0,18751.0,18751.0,0.0001,100000000.0,22892874.0,22892874.0,2289.0,209662.0,17585.0,,,196589.0,883752.0,687163.0,883752.0,,20000.0,,,14206.0,5839.0,5839.0,192077.0,,5839.0,197916.0,289459.0,829982.0,819.0,829982.0,-0.1,0.0,0.21,0.21,0.0,9166.0,42600.0,42600.0,42600.0,67700.0,67500.0,465834.0,157000.0,250000.0,84779.0,112390.0,758000.0,,-1963675.0,,417821.0,-412372.0,,10025.0,,-19520.0,-23365.0,25000.0,490834.0,,2976.0,32840.0,,,1027843.0,611112.0,97861.0,,929982.0,,,290278.0,,-271527.0,-1963675.0,,,,,2081904.0,-1969514.0,35060.0,,,0.0001,5000000.0,0.0,0.0,,290278.0,531125.0,-1963675.0,15879.0,25109.0,15879.0,-4182394.0,129975.0,844176.0,,-416731.0,1008000.0,,,,,844176.0,20204819.0,,
2020-08-31,2020-10-19,10-Q,"MJ Harvest, Inc.",MJHI,CIK0001789330,USD,24140.0,,70902.0,24140.0,10490.0,3763374.0,18819.0,,,548720.0,60142.0,488578.0,7532.0,-24811.0,-24811.0,0.0001,50000000.0,22892874.0,22892874.0,2289.0,92549.0,13181.0,,,,,,,,,1260.0,,18135.0,-14151.0,-4151.0,66243.0,13125.0,-4151.0,75217.0,289459.0,895982.0,819.0,,-0.01,,,,,-12916.0,42600.0,42600.0,42600.0,67700.0,67500.0,448959.0,157000.0,250000.0,8819.0,17648.0,,,-231004.0,10000.0,,,,4924.0,,20000.0,-4370.0,25000.0,,,,28470.0,,,1196455.0,548720.0,,,1125553.0,,,66000.0,,-90811.0,-231004.0,,,,,234501.0,-216853.0,,,,0.0001,5000000.0,0.0,0.0,,66000.0,95682.0,-231004.0,14619.0,25109.0,14619.0,-4413398.0,30829.0,129571.0,,-647735.0,,,,,,,22892874.0,,
2020-11-30,2021-01-19,10-Q,"MJ Harvest, Inc.",MJHI,CIK0001789330,USD,,,77926.0,13235.0,11750.0,3885859.0,17564.0,,,197019.0,50326.0,146693.0,5014.0,,,0.0001,50000000.0,23347731.0,23347731.0,2335.0,16953.0,16953.0,,,,,,,,,1260.0,,,-10000.0,,,,,,,1095982.0,,,-0.01,,,,,-16666.0,15000.0,15000.0,15000.0,15000.0,15000.0,133334.0,157000.0,250000.0,17564.0,25354.0,,,-271381.0,-10000.0,,,140000.0,,,,,,,,,32077.0,,,1340479.0,197019.0,85926.0,,1254553.0,,,,,,-281381.0,,,,,296735.0,-271381.0,,140000.0,,0.0001,5000000.0,0.0,0.0,,,144171.0,,13359.0,25109.0,13359.0,-4694779.0,42307.0,,,-806585.0,,59571.0,62960.0,,,,22997841.0,,
2021-02-28,2021-04-19,10-Q,"MJ Harvest, Inc.",MJHI,CIK0001789330,USD,,,129970.0,4500.0,13010.0,4004393.0,23027.0,,,175403.0,33720.0,141683.0,1014.0,,,0.0001,100000000.0,23715076.0,23715076.0,2372.0,12350.0,,,,,,,,,,,,,,,,,,,,973982.0,,,-0.01,,,,,-20416.0,15000.0,15000.0,15000.0,15000.0,15000.0,129584.0,157000.0,250000.0,,2027.0,,,-274231.0,,,,,,,,,,,,,28206.0,,,1474523.0,175403.0,131970.0,,1342553.0,,,,,,-274231.0,,,,,276258.0,,,210000.0,,0.0001,5000000.0,0.0,0.0,,,118231.0,,12099.0,25109.0,12099.0,-4969010.0,14377.0,,,-1299120.0,,,,,,,23245546.0,,
2021-05-31,2021-09-13,10-K,"MJ Harvest, Inc.",MJHI,CIK0001789330,USD,,103815.0,181594.0,,14270.0,8440302.0,,350000.0,,1294151.0,151478.0,1142673.0,123319.0,90976.0,,0.0001,100000000.0,25302122.0,25302122.0,2530.0,,40454.0,,90438.0,151973.0,1916083.0,1144262.0,1916083.0,,,,13125.0,33165.0,-14151.0,-4151.0,66243.0,13125.0,-4151.0,75217.0,,1317982.0,,1317982.0,-0.21,0.0,0.21,0.21,0.0,16875.0,15000.0,15000.0,15000.0,15000.0,15000.0,125834.0,,,107546.0,48732.0,,592800.0,,-10000.0,1032331.0,-1032331.0,280000.0,-19216.0,,20000.0,-4681.0,6000.0,131834.0,378442.0,,28159.0,1000000.0,,1949576.0,1294151.0,531594.0,1417982.0,,,,1265000.0,-636000.0,-538024.0,-4915863.0,,-3877242.0,900000.0,350000.0,1073202.0,-1024470.0,,,6000.0,0.0001,5000000.0,0.0,0.0,810000.0,488000.0,430656.0,-4915863.0,10839.0,,,-9098257.0,89186.0,358244.0,1300000.0,-655425.0,,,,1800000.0,,358244.0,23262759.0,77779.0,25109.0
2021-08-31,2021-10-20,10-Q,"MJ Harvest, Inc.",MJHI,CIK0001789330,USD,47650.0,269312.0,50000.0,38050.0,,10311603.0,,450000.0,,3019572.0,90243.0,,22377.0,-100942.0,,0.0001,100000000.0,31449344.0,31449344.0,3145.0,,20129.0,7760.0,,,,,,,11467.0,1260.0,,5010.0,,,,,,,,1451982.0,,1451982.0,-0.04,,,,,3750.0,,,,,,122084.0,,,26354.0,54556.0,,,,,,,,38050.0,7760.0,-11467.0,-9810.0,6000.0,128084.0,478646.0,,18349.0,2791666.0,,2743275.0,3019572.0,1077072.0,1666203.0,,,279857.0,64000.0,,-164942.0,-940194.0,,,,800000.0,516104.0,-461548.0,,,,0.0001,5000000.0,0.0,0.0,,64000.0,74893.0,-940194.0,9579.0,,,-10038451.0,74685.0,194471.0,,276297.0,,,80250.0,,1791666.0,,26359821.0,,
2021-11-30,2022-01-14,10-Q,"MJ Harvest, Inc.",MJHI,CIK0001789330,USD,,177694.0,,15700.0,16790.0,10860040.0,,,,3292545.0,68226.0,3224319.0,24033.0,,,0.0001,100000000.0,32787446.0,32787446.0,3279.0,,16240.0,,,,,,,,,1260.0,,,,,,,,,,1611482.0,,1611482.0,-0.02,,,,,7500.0,,,,,,118334.0,,,38519.0,32127.0,,,,,,,,,,,,6000.0,124334.0,132812.0,,28493.0,3091666.0,,2957554.0,3292545.0,1227287.0,1730267.0,,,67516.0,,,,-489877.0,,,,900000.0,389192.0,-489877.0,,,,0.0001,5000000.0,0.0,0.0,,,79372.0,,8319.0,,,-10528328.0,48367.0,,,334991.0,,248571.0,,,300000.0,,31955781.0,149593.0,25109.0
