end,filed,form,Name,Ticker,CIK,Currency,AccountsPayableCurrent,AccruedProfessionalFeesCurrent,AccumulatedDepreciationDepletionAndAmortizationPropertyPlantAndEquipment,AdditionalPaidInCapital,AdjustmentForAmortization,AllocatedShareBasedCompensationExpense,AllocatedShareBasedCompensationExpenseNetOfTax,AmortizationOfDebtDiscountPremium,AmortizationOfFinancingCostsAndDiscounts,AmortizationOfIntangibleAssets,AntidilutiveSecuritiesExcludedFromComputationOfEarningsPerShareAmount,Assets,AssetsCurrent,AssetsNoncurrent,CapitalizedComputerSoftwareGross,CapitalLeaseObligationsCurrent,CapitalLeaseObligationsIncurred,Cash,CashAndCashEquivalentsAtCarryingValue,CashAndCashEquivalentsPeriodIncreaseDecrease,ClassOfWarrantOrRightOutstanding,CommonStockParOrStatedValuePerShare,CommonStockSharesAuthorized,CommonStockSharesIssued,CommonStockSharesOutstanding,CommonStockValue,ConversionOfStockSharesIssued1,CostsAndExpenses,DebtAndCapitalLeaseObligations,DebtInstrumentInterestRateStatedPercentage,DeferredRevenue,DeferredTaxAssetsGross,DeferredTaxAssetsNet,DeferredTaxAssetsOperatingLossCarryforwards,DeferredTaxAssetsTaxDeferredExpenseCompensationAndBenefitsShareBasedCompensationCost,DeferredTaxAssetsTaxDeferredExpenseOther,DeferredTaxAssetsValuationAllowance,Depreciation,DevelopmentStageEnterpriseDeficitAccumulatedDuringDevelopmentStage,DueFromEmployees,DueToOtherRelatedPartiesCurrentAndNoncurrent,DueToRelatedPartiesCurrentAndNoncurrent,EarningsPerShareBasic,EarningsPerShareBasicAndDiluted,EffectiveIncomeTaxRateReconciliationAtFederalStatutoryIncomeTaxRate,EmployeeBenefitsAndShareBasedCompensation,EmployeeServiceShareBasedCompensationNonvestedAwardsTotalCompensationCostNotYetRecognized,EmployeeServiceShareBasedCompensationTaxBenefitFromCompensationExpense,FiniteLivedIntangibleAssetsNet,FurnitureAndFixturesGross,GainLossRelatedToLitigationSettlement,GeneralAndAdministrativeExpense,Goodwill,GoodwillAcquiredDuringPeriod,GoodwillWrittenOffRelatedToSaleOfBusinessUnit,ImpairmentOfIntangibleAssetsIndefinitelivedExcludingGoodwill,IncomeTaxExpenseBenefit,IncomeTaxExpenseBenefitContinuingOperationsAdjustmentOfDeferredTaxAssetLiability,IncreaseDecreaseInAccountsPayable,IncreaseDecreaseInAccruedLiabilities,IncreaseDecreaseInIntangibleAssetsCurrent,IncreaseDecreaseInOtherOperatingCapitalNet,IncreaseDecreaseInPrepaidExpense,IndefiniteLivedLicenseAgreements,InterestAndOtherIncome,InterestExpense,InterestIncomeOperating,InterestIncomeOther,InterestPaid,InterestPaidNet,InterestPayable,InterestPayableCurrent,InvestmentIncomeInterest,LiabilitiesAndStockholdersEquity,LiabilitiesCurrent,LongTermDebtCurrent,LongTermDebtNoncurrent,LongTermNotesPayable,MinorityInterest,NetCashProvidedByUsedInContinuingOperations,NetCashProvidedByUsedInFinancingActivities,NetCashProvidedByUsedInFinancingActivitiesContinuingOperations,NetCashProvidedByUsedInInvestingActivities,NetCashProvidedByUsedInOperatingActivities,NetCashProvidedByUsedInOperatingActivitiesContinuingOperations,NetIncomeLoss,NoncontrollingInterestDecreaseFromDeconsolidation,NonoperatingIncomeExpense,NotesPayable,NotesPayableCurrent,OperatingIncomeLoss,OperatingLossCarryforwards,OtherExpenses,OtherIntangibleAssetsNet,OtherNonoperatingIncome,OtherNonoperatingIncomeExpense,PaymentsOfMergerRelatedCostsFinancingActivities,PaymentsOfStockIssuanceCosts,PaymentsToAcquireIntangibleAssets,PaymentsToAcquirePropertyPlantAndEquipment,PreferredStockParOrStatedValuePerShare,PreferredStockSharesAuthorized,PreferredStockSharesIssued,PreferredStockSharesOutstanding,PreferredStockValue,PrepaidExpenseCurrent,ProceedsFromConvertibleDebt,ProceedsFromInterestReceived,ProceedsFromIssuanceOfCommonStock,ProceedsFromNotesPayable,ProceedsFromRelatedPartyDebt,ProceedsFromRepaymentsOfRelatedPartyDebt,ProfessionalFees,ProfitLoss,PropertyPlantAndEquipmentGross,PropertyPlantAndEquipmentNet,PropertyPlantAndEquipmentOther,RepaymentsOfConvertibleDebt,RepaymentsOfLongTermCapitalLeaseObligations,RepaymentsOfNotesPayable,RepaymentsOfRelatedPartyDebt,ResearchAndDevelopmentExpense,RetainedEarningsAccumulatedDeficit,RetainedEarningsUnappropriated,Revenues,ShareBasedCompensation,ShareBasedCompensationArrangementByShareBasedPaymentAwardEquityInstrumentsOtherThanOptionsNonvestedIntrinsicValue,ShareBasedCompensationArrangementByShareBasedPaymentAwardEquityInstrumentsOtherThanOptionsNonvestedNumber,ShareBasedCompensationArrangementByShareBasedPaymentAwardEquityInstrumentsOtherThanOptionsNonvestedWeightedAverageGrantDateFairValue,ShareBasedCompensationArrangementByShareBasedPaymentAwardFairValueAssumptionsExpectedDividendRate,ShareBasedCompensationArrangementByShareBasedPaymentAwardFairValueAssumptionsExpectedVolatilityRate,ShareBasedCompensationArrangementByShareBasedPaymentAwardFairValueAssumptionsExpectedVolatilityRateMaximum,ShareBasedCompensationArrangementByShareBasedPaymentAwardFairValueAssumptionsExpectedVolatilityRateMinimum,ShareBasedCompensationArrangementByShareBasedPaymentAwardFairValueAssumptionsRiskFreeInterestRate,ShareBasedCompensationArrangementByShareBasedPaymentAwardFairValueAssumptionsRiskFreeInterestRateMaximum,ShareBasedCompensationArrangementByShareBasedPaymentAwardFairValueAssumptionsRiskFreeInterestRateMinimum,ShareBasedCompensationArrangementByShareBasedPaymentAwardOptionsExercisableNumber,ShareBasedCompensationArrangementByShareBasedPaymentAwardOptionsExercisableWeightedAverageExercisePrice,ShareBasedCompensationArrangementByShareBasedPaymentAwardOptionsForfeituresAndExpirationsInPeriod,ShareBasedCompensationArrangementByShareBasedPaymentAwardOptionsForfeituresInPeriod,ShareBasedCompensationArrangementByShareBasedPaymentAwardOptionsGrantsInPeriod,ShareBasedCompensationArrangementByShareBasedPaymentAwardOptionsGrantsInPeriodGross,ShareBasedCompensationArrangementByShareBasedPaymentAwardOptionsOutstandingIntrinsicValue,ShareBasedCompensationArrangementByShareBasedPaymentAwardOptionsOutstandingNumber,ShareBasedCompensationArrangementByShareBasedPaymentAwardOptionsOutstandingWeightedAverageExercisePrice,ShareBasedCompensationArrangementByShareBasedPaymentAwardOptionsVestedAndExpectedToVestExercisableAggregateIntrinsicValue,ShareBasedCompensationArrangementsByShareBasedPaymentAwardOptionsExercisesInPeriodWeightedAverageExercisePrice,ShareBasedCompensationArrangementsByShareBasedPaymentAwardOptionsForfeituresInPeriodWeightedAverageExercisePrice,ShareBasedCompensationArrangementsByShareBasedPaymentAwardOptionsGrantsInPeriodWeightedAverageExercisePrice,SharebasedCompensationArrangementBySharebasedPaymentAwardOptionsExercisableIntrinsicValue1,SharebasedCompensationArrangementBySharebasedPaymentAwardOptionsNonvestedNumberOfShares,SharebasedCompensationArrangementBySharebasedPaymentAwardOptionsNonvestedWeightedAverageGrantDateFairValue,SharebasedCompensationArrangementBySharebasedPaymentAwardOptionsVestedNumberOfShares,SharePrice,StockholdersEquity,StockIssued1,StockIssuedDuringPeriodSharesIssuedForServices,StockIssuedDuringPeriodSharesRestrictedStockAwardGross,StockIssuedDuringPeriodSharesStockOptionsExercised,StockIssuedDuringPeriodValueAcquisitions,StockIssuedDuringPeriodValueConversionOfConvertibleSecurities,StockOptionPlanExpense,WeightedAverageNumberOfSharesOutstandingBasic
2009-12-31,2010-03-30,10-K,"CLEANTECH BIOFUELS, INC.",CLTH,CIK0001411036,USD,,,,,,,,,,,,,,,,,,,912.0,,,,,,,,,,,,,,,,,,,,,,,,,,,,,,,,,,,,,,,,,,,,,,,,,,,,,,,,,,,,,,,,,,,,,,,,,,,,,,,,,,,,,,,,,,,,,,,,,,,,,,,,,,,,,,,,,,,,,,,,,,,,,6815000.0,0.19,,,,,,,,,,,,,,,,,,
2010-06-30,2010-08-12,10-Q,"CLEANTECH BIOFUELS, INC.",CLTH,CIK0001411036,USD,,,,,,,,,,0.0,,,,,,,,,18132.0,,,,,,,,,,,,,,,,,,,,,,,,0.01,,,,,,,,,241350.0,,,,,,,,,,,,,-4439.0,104626.0,,,,,,,,,,,,,,,,,,,,374483.0,,100187.0,,,274296.0,,,,0.0,,,,,,,,,,,,,,,,,,32946.0,,,,,,,,,0.0,,,,,,,,,,,,,,,,,,,,,,,,,,,,,,,,,,,,,,,,,68520692.0
2010-09-30,2010-11-12,10-Q,"CLEANTECH BIOFUELS, INC.",CLTH,CIK0001411036,USD,,,,,,,,,,0.0,,,,,,,,,1566.0,,,,,,,,,,,,,,,,,,,,,,,,0.0,,,,,,,,,155019.0,,,,,,,,,,,,,4377.0,101302.0,,,,,,,,,,,,,,,,,,,,293686.0,,105679.0,,,188007.0,,,,0.0,,,,,,,,,,,,,,,,,,32988.0,,,,,,,,,0.0,,,,,,,,,,,,,,,,,,,,,,,,,,,,,,,,,,,,,,,,,
2010-12-31,2011-03-29,10-K,"CLEANTECH BIOFUELS, INC.",CLTH,CIK0001411036,USD,392950.0,487835.0,,6301726.0,0.0,,118361.0,,287968.0,0.0,44000000.0,2176905.0,45878.0,,,1211.0,0.0,,5973.0,5061.0,,0.001,240000000.0,68309679.0,68309679.0,68310.0,,,,,50000.0,,,,,,,10531.0,6822999.0,,,,0.02,0.02,,118361.0,,,600000.0,,0.0,-691428.0,,,,0.0,0.0,,90052.0,312142.0,0.0,118574.0,7191.0,1521250.0,-8219.0,-407197.0,-8219.0,,721.0,,121260.0,121260.0,,2176905.0,2924925.0,,,,,,250094.0,,0.0,-245033.0,,1181633.0,,398978.0,,1871669.0,782655.0,,,,0.0,,0.0,0.0,0.0,0.0,0.001,10000000.0,0.0,0.0,0.0,39905.0,0.0,-8219.0,0.0,100000.0,,,-91227.0,-1181633.0,,9777.0,,,4959.0,219332.0,10615.0,0.0,,,,118361.0,,,,0.0,,0.289,0.243,,0.0258,0.0176,,,,-1600000.0,322000.0,,,5537000.0,0.16,,,0.26,0.07,0.0,,,,,-748020.0,,,,,0.0,10678.0,118361.0,67924219.0
2011-03-31,2011-05-10,10-Q,"CLEANTECH BIOFUELS, INC.",CLTH,CIK0001411036,USD,,,,,,,,,27736.0,,,,,,,,,,40641.0,34668.0,,,,,,,,,,,,,,,,,,1248.0,,,,,0.0,0.0,,,,,,,,-117843.0,,,,,,,6294.0,52357.0,,29849.0,6891.0,,-3832.0,-58993.0,-3832.0,,197.0,,,,,,,,,,,,116000.0,,,-81332.0,,216268.0,,55161.0,,,161107.0,,,,,,,,,,,,,,,,,,,,,,-43264.0,,,,,,,25000.0,,,,,,14393.0,,,,,,,,,,,,,,,,,,,,,,,,,,,,,,,,,,,46048.0,,
2011-06-30,2011-08-12,10-Q,"CLEANTECH BIOFUELS, INC.",CLTH,CIK0001411036,USD,368709.0,596079.0,,6297885.0,,,10860.0,13925.0,,0.0,,2195928.0,67398.0,,,0.0,,,19485.0,,,0.001,240000000.0,68452151.0,68452151.0,68452.0,,,,,50000.0,,,,,,,,-7205942.0,,,,0.0,0.0,,,,0.0,600000.0,,,-97481.0,,,,,0.0,,,,,,,1521250.0,3958.0,-47196.0,,,,,74559.0,,,2195928.0,3255464.0,,,,,,,,,,,166675.0,,51154.0,,2166117.0,115521.0,,,,0.0,,,,,,0.001,10000000.0,0.0,0.0,0.0,47913.0,,,,,,,-18040.0,,,7280.0,,,,,,0.0,,,,10860.0,,,,,,,,,,,,,,,,,,,,,,,,,,,,,-1059536.0,,,,,,,10860.0,68868818.0
2011-09-30,2011-11-10,10-Q,"CLEANTECH BIOFUELS, INC.",CLTH,CIK0001411036,USD,354998.0,639779.0,,6369179.0,,,9428.0,,,0.0,,2179593.0,52311.0,,,0.0,,,2597.0,,,0.001,240000000.0,69585484.0,69585484.0,69586.0,,,,,50000.0,,,,,,,,-7412090.0,,,,0.0,0.0,,,,,600000.0,,,-142755.0,,,,,,,,,,,,1521250.0,-2953.0,-34951.0,,,,,,99021.0,,2179593.0,3375802.0,,,,,,,,,,,206148.0,,31998.0,,2232004.0,174150.0,,,,0.0,,,,,,0.001,10000000.0,0.0,0.0,0.0,49714.0,,,,,,,-31395.0,,,6032.0,,,,,,0.0,,,,9428.0,,,,,,,,,,,,,,,,,,,,,,,,,,,,,-1196209.0,,,,,,,9428.0,69096595.0
2011-12-31,2012-03-29,10-K,"CLEANTECH BIOFUELS, INC.",CLTH,CIK0001411036,USD,370410.0,716427.0,-37715.0,6366823.0,0.0,,39989.0,,41662.0,0.0,62000000.0,2167632.0,41599.0,,7999.0,0.0,0.0,0.0,0.0,-5973.0,,0.001,240000000.0,69760667.0,69760667.0,69761.0,,,2242299.0,,0.0,2687000.0,,730000.0,303000.0,4000.0,-2687000.0,4994.0,7543712.0,30000.0,235000.0,90000.0,0.01,0.01,,39989.0,,,600000.0,15799.0,0.0,-575341.0,,,,0.0,0.0,,-22540.0,228592.0,0.0,83128.0,-194.0,1521250.0,-44029.0,-211990.0,1572.0,1572.0,12172.0,,,105009.0,,2167632.0,3434145.0,-2242299.0,0.0,0.0,,,274537.0,,0.0,-280510.0,,852335.0,,128137.0,,2242299.0,734374.0,,,,-50000.0,,0.0,0.0,0.0,0.0,0.001,10000000.0,0.0,0.0,0.0,41599.0,0.0,1572.0,0.0,0.0,,,-159033.0,-720713.0,42498.0,4783.0,18700.0,,0.0,88963.0,1500.0,0.0,,,,39989.0,,,,0.0,,0.218,0.1975,,0.0228,0.0098,,,,-25000.0,4310000.0,,,9822000.0,0.11,,,0.1,0.05,0.0,,,,,-1266513.0,,,,,0.0,97659.0,39989.0,69104910.0
2012-03-31,2012-05-14,10-Q,"CLEANTECH BIOFUELS, INC.",CLTH,CIK0001411036,USD,375729.0,805297.0,,6376692.0,,,4952.0,,,,,2161621.0,36836.0,,,,,,0.0,,,0.001,240000000.0,69844000.0,69844000.0,69844.0,,,,,,,,,,,,1248.0,7716567.0,,,,0.0,0.0,,,,,600000.0,,,-94286.0,,,,,,,5319.0,88870.0,,34929.0,6356.0,1521250.0,-2226.0,-35142.0,-2226.0,-2226.0,212.0,,,139014.0,,2161621.0,3593263.0,,,,,,33407.0,,,-33407.0,,172855.0,,32916.0,,2273223.0,139939.0,,,,,,,,,,0.001,10000000.0,0.0,0.0,0.0,36836.0,,,,,,,-45653.0,-172855.0,,3535.0,,,,,1593.0,,,,,4952.0,,,,,,,,,,,,,,,,,,,,,,,,,,,,,-1431642.0,,,,,,5000.0,4952.0,69844000.0
2012-06-30,2012-08-06,10-Q,"CLEANTECH BIOFUELS, INC.",CLTH,CIK0001411036,USD,403592.0,819463.0,,6543330.0,,,4871.0,0.0,,0.0,,2190556.0,67020.0,,,,,30090.0,30090.0,,,0.001,,72636647.0,72636647.0,72637.0,,,2305018.0,,,,,,,,,,7938932.0,32000.0,50000.0,90000.0,0.0,0.0,,,15000.0,0.0,600000.0,,,-94191.0,,,,,0.0,,,,,,,1521250.0,-2243.0,-35581.0,,-2243.0,,,,155302.0,,2190556.0,3533375.0,-2155018.0,150000.0,150000.0,,,,,,,,222365.0,,33338.0,,2155018.0,189027.0,,,,0.0,,,,,,0.001,10000000.0,,,0.0,36930.0,,,,,,,-44836.0,,,2286.0,,,,,,-50000.0,,,,4871.0,0.0,3725000.0,0.05,,,,,,,,6267000.0,0.13,,,,,,9992000.0,0.11,,,,,,,,,,-1492819.0,,,,,,,4871.0,72536647.0
2012-09-30,2012-11-06,10-Q,"CLEANTECH BIOFUELS, INC.",CLTH,CIK0001411036,USD,452547.0,862463.0,,6524811.0,,,3831.0,,,,,2177807.0,55061.0,,,,,17398.0,17398.0,,,0.001,240000000.0,72486647.0,72486647.0,72487.0,,,2407681.0,,,,,,308000.0,,,,8190422.0,32000.0,933000.0,90000.0,,0.0,,,11000.0,,600000.0,,,-93846.0,,,,,,,,,,,,1521250.0,5453.0,-37638.0,,5453.0,,,,190140.0,,2177807.0,3662832.0,-2157681.0,250000.0,250000.0,,,,,,,,251490.0,,43091.0,,2157682.0,208399.0,,,,,,,,,,0.001,10000000.0,,,,37663.0,,,,,,,-44553.0,,,1496.0,,,,,,-70000.0,,,,3831.0,0.0,2491667.0,0.05,,,,,,,,7500333.0,0.12,,,,,,9992000.0,0.11,,,,,,,,,,-1735025.0,,,,,,,3831.0,72536647.0
2012-12-31,2013-03-26,10-K,"CLEANTECH BIOFUELS, INC.",CLTH,CIK0001411036,USD,431452.0,905656.0,-42498.0,6526876.0,,,15720.0,,,,68000000.0,2216451.0,95201.0,,7999.0,,,58181.0,58181.0,58181.0,,0.001,240000000.0,72486647.0,72486647.0,72487.0,,656359.0,2547017.0,,,2992000.0,,750000.0,309000.0,6000.0,-2992000.0,4783.0,8346803.0,33000.0,402000.0,90000.0,,0.01,,15720.0,8000.0,0.0,600000.0,15799.0,,282323.0,,,,,0.0,,65758.0,189229.0,,-146950.0,-8334.0,1521250.0,-2920.0,-187039.0,968.0,-2920.0,751.0,,,223619.0,-968.0,2216451.0,3874234.0,-2313507.0,233510.0,233510.0,,,431466.0,,0.0,-373285.0,,959472.0,,146732.0,,2313507.0,775353.0,,,,,,,,,0.0,0.001,10000000.0,0.0,0.0,,37020.0,,,0.0,,,,135042.0,-803091.0,42498.0,,18700.0,,,0.0,3755.0,120000.0,,,,15720.0,,,,0.0,0.1649,,,,0.0092,0.0063,7805333.0,0.12,,-120000.0,540000.0,,0.0,10242000.0,0.11,,,0.07,0.04,0.0,,,,,-1891293.0,,,,,,155551.0,15720.0,71850985.0
2013-03-31,2013-05-13,10-Q,"CLEANTECH BIOFUELS, INC.",CLTH,CIK0001411036,USD,439805.0,959543.0,,6528897.0,,,2021.0,,,,,2160180.0,38930.0,,,,,66.0,66.0,-58115.0,,0.001,240000000.0,72486647.0,72486647.0,72487.0,,120307.0,2556605.0,,,,,,310000.0,,,,8506638.0,33000.0,650000.0,90000.0,,0.0,,,7000.0,,600000.0,,,92974.0,,,,,,,8353.0,53887.0,,41273.0,-1819.0,1521250.0,-1970.0,-41498.0,-1970.0,-1970.0,225.0,,,255304.0,-1970.0,2160180.0,4077747.0,-2423095.0,133510.0,133510.0,,,-25.0,,,-58090.0,,159835.0,,39528.0,,2423095.0,120307.0,,,,,,,,,,0.001,10000000.0,0.0,0.0,,38864.0,,,,,,,27333.0,-159835.0,,,,,,,25.0,0.0,,,,2021.0,,2891667.0,0.04,,,,,,,,8305333.0,0.13,,-45000.0,1000000.0,,,11197000.0,0.1,,,0.03,0.02,,,,,,-2051077.0,,,,,,,2021.0,72486647.0
2013-06-30,2013-08-06,10-Q,"CLEANTECH BIOFUELS, INC.",CLTH,CIK0001411036,USD,439491.0,992124.0,,6530939.0,,,2043.0,,,0.0,,2166749.0,45499.0,,,,,824.0,824.0,,,0.001,240000000.0,72486647.0,72486647.0,72487.0,,127402.0,2656605.0,,,,,,310000.0,,,,8676222.0,39000.0,415000.0,90000.0,,0.0,,,5000.0,0.0,600000.0,,,98612.0,,,,,0.0,,,,,,,1521250.0,-1998.0,-44180.0,,-1998.0,,,,299146.0,-1998.0,2166749.0,4287366.0,-2556605.0,100000.0,100000.0,,,,,,,,169584.0,,42182.0,,2556605.0,127402.0,,,,0.0,,,,,,0.001,10000000.0,0.0,0.0,,44675.0,,,,,,,28790.0,,,,,,,,,0.0,,,,2043.0,,,,,,,,,,,8325333.0,0.12,,,,,0.0,11197000.0,0.1,,,,,0.0,,0.04,,,-2220617.0,,,,,,,2043.0,72786647.0
2013-09-30,2013-11-12,10-Q,"CLEANTECH BIOFUELS, INC.",CLTH,CIK0001411036,USD,406535.0,958984.0,,6631520.0,,,1580.0,,,0.0,,2179214.0,57964.0,,,,,19043.0,19043.0,,,0.001,240000000.0,73486647.0,73486647.0,73487.0,,122875.0,2766948.0,,,,,,,,,,8843658.0,,,,,0.0,,,,0.0,600000.0,,,99600.0,,,,,0.0,,,,,,,1521250.0,-2033.0,-46594.0,,-2033.0,,,,335252.0,-2033.0,2179214.0,4267719.0,,,200000.0,,,,,,,,167436.0,,44561.0,,2566948.0,122875.0,,,,0.0,,,,,,0.001,10000000.0,0.0,0.0,,38921.0,,,,,,,23275.0,,,,,,,,,0.0,,,,,0.0,2593334.0,0.07,,,,,,,,9353666.0,0.11,,,,,,11947000.0,0.1,,,,,,,,,,-2288505.0,,,,,,,1580.0,73153314.0
2013-12-31,2014-03-21,10-K,"CLEANTECH BIOFUELS, INC.",CLTH,CIK0001411036,USD,398651.0,960293.0,-40002.0,6781286.0,,,6470.0,,,,71000000.0,2211104.0,41854.0,,5503.0,,,403.0,403.0,-57778.0,,0.001,240000000.0,78546647.0,78546647.0,78547.0,,601236.0,2766948.0,,,3247000.0,0.0,770000.0,311000.0,6000.0,-3247000.0,0.0,9003487.0,33000.0,426000.0,90000.0,,0.01,,6470.0,,0.0,600000.0,15799.0,,480252.0,,,,,0.0,,-32801.0,54637.0,,-178129.0,4600.0,1569250.0,,-225472.0,8098.0,-10195.0,744.0,,,380817.0,-10195.0,2211104.0,4406709.0,-2666948.0,100000.0,100000.0,,,405169.0,,0.0,-462947.0,,816513.0,,170774.0,,2666948.0,601236.0,,,,,,,,,0.0,0.001,10000000.0,0.0,0.0,0.0,41451.0,,,206000.0,,,,120984.0,-656684.0,40002.0,0.0,18700.0,,,1000.0,-169.0,0.0,-9003487.0,,,6470.0,,,,0.0,,0.1649,0.1546,,0.0144,0.0077,9568666.0,0.11,,295000.0,2000000.0,,0.0,11947000.0,0.11,,,0.09,0.06,,,,,,-2295605.0,,,,,,0.0,6470.0,73824980.0
2014-03-31,2014-05-08,10-Q,"CLEANTECH BIOFUELS, INC.",CLTH,CIK0001411036,USD,399643.0,987180.0,,6787594.0,,,808.0,,,,,2216683.0,47433.0,,,,,7847.0,7847.0,7444.0,,0.001,240000000.0,79046647.0,79046647.0,79047.0,,128861.0,2866948.0,,,,,,,,,,9177003.0,,,,,0.0,,,,,600000.0,,,96156.0,,,,,,,992.0,26887.0,,-46491.0,-1696.0,1569250.0,-2083.0,-46738.0,-2083.0,,247.0,,,427308.0,-2083.0,2216683.0,4581079.0,-2766948.0,100000.0,100000.0,,,100169.0,,,-92725.0,,173516.0,,44655.0,,2766948.0,128861.0,,,,,,,,,,0.001,10000000.0,0.0,0.0,,39586.0,,,,,,,32705.0,173516.0,,,,,,,-169.0,0.0,,,,,0.0,2253334.0,0.07,,,,,,,,9693666.0,0.11,,,,,,11947000.0,0.1,,,,,,,,,,-2464396.0,,,,,,,808.0,79046647.0
2014-06-30,2014-08-07,10-Q,"CLEANTECH BIOFUELS, INC.",CLTH,CIK0001411036,USD,419127.0,1036466.0,,6865186.0,,,817.0,,,0.0,,2208519.0,39269.0,,,,,51.0,51.0,,,0.001,240000000.0,83771647.0,83771647.0,83772.0,,158977.0,2876947.0,,,,,,,,,,9383024.0,,,,,0.0,,,,0.0,600000.0,,,135401.0,,,,,0.0,,,,,,,1569250.0,-2114.0,-49158.0,,,,,,466193.0,-2114.0,2208519.0,4698733.0,-2766948.0,100000.0,100000.0,,,,,,,,206021.0,,47044.0,,2776947.0,158977.0,,,,0.0,,,,,,0.001,10000000.0,0.0,0.0,0.0,39218.0,,,,,,,23576.0,,,0.0,,,,,,0.0,,,,,0.0,2233334.0,0.07,,,,,,,,9713666.0,0.11,,,,,,11947000.0,0.1,,,,,,,,,,-2590214.0,,,,,,,817.0,83644980.0
2014-12-31,2015-03-24,10-K,"CLEANTECH BIOFUELS, INC.",CLTH,CIK0001411036,USD,391997.0,1093240.0,34499.0,7089664.0,,,2128.0,,,,78000000.0,2207802.0,38552.0,,0.0,,,162.0,162.0,-241.0,17275077.0,0.001,240000000.0,86138413.0,86138413.0,86138.0,,626007.0,2846947.0,,,3525000.0,0.0,790000.0,312000.0,6000.0,3525000.0,0.0,9715346.0,31000.0,557000.0,90000.0,,0.01,,2128.0,,0.0,600000.0,15799.0,,518046.0,,,,,0.0,,-6654.0,132947.0,,-195712.0,-600.0,1569250.0,,146340.0,3076.0,,721.0,,,555189.0,-4957.0,2207802.0,4887373.0,-2846947.0,0.0,0.0,,,349961.0,349961.0,0.0,-350202.0,-350202.0,-556144.0,,-193356.0,,2846947.0,-518503.0,1947000.0,,,,,,,,0.0,0.001,10000000.0,0.0,0.0,0.0,38390.0,,,247500.0,,,2461.0,107961.0,-711859.0,34499.0,0.0,18700.0,,,0.0,-2461.0,0.0,-9715346.0,,,2128.0,,,,0.0,0.0,,,0.0,,,11280333.0,0.1,,0.0,0.0,,0.0,11947000.0,0.11,,,,,0.0,,,,,-2679571.0,,,,,,41341.0,2128.0,83492089.0
2015-03-31,2015-05-06,10-Q,"CLEANTECH BIOFUELS, INC.",CLTH,CIK0001411036,USD,395675.0,1165084.0,,7129014.0,,,,,,,,2209850.0,40600.0,,,,,1353.0,1353.0,1191.0,,0.001,240000000.0,86988413.0,86988413.0,86988.0,,128500.0,2846947.0,,,,,,,,,,9896671.0,31000.0,565000.0,,,0.0,,,,,600000.0,,,100418.0,,,,,0.0,,3678.0,71844.0,,-49310.0,932.0,1569250.0,3341.0,49484.0,-3341.0,,174.0,,,604499.0,,2209850.0,4934509.0,-2769251.0,77696.0,77696.0,,,50075.0,,0.0,-48884.0,,181325.0,,-3341.0,,2769251.0,128500.0,,,,,,,,,0.0,0.001,10000000.0,0.0,0.0,,39247.0,,,50000.0,,75.0,,28082.0,181325.0,,,,,,0.0,-75.0,,,,,0.0,-1.0,841667.0,0.1,,,,,,,,11455333.0,0.1,,0.0,350000.0,,,12297000.0,0.1,,0.0,0.0,0.1,,,,,,-2802355.0,,,,0.0,,,,86871746.0
2015-06-30,2015-08-06,10-Q,"CLEANTECH BIOFUELS, INC.",CLTH,CIK0001411036,USD,405865.0,1226927.0,,7178514.0,,0.0,,,,,,2230420.0,61170.0,,,,,22604.0,22604.0,,,0.001,240000000.0,87488413.0,87488413.0,87488.0,,101268.0,2848263.0,,,,,,,,,,,31000.0,573000.0,,,0.0,,,,,600000.0,,,85278.0,,,,,0.0,,,,,,,1569250.0,-1631.0,50579.0,,,,,,653567.0,,2230420.0,5056926.0,-2770567.0,77696.0,77696.0,,,,,,,,150216.0,,1631.0,,2770567.0,101268.0,,,,,,,,,,0.001,10000000.0,0.0,0.0,,38566.0,,,,,,,15990.0,,,,,,,,,,-10046887.0,,,,-1.0,841667.0,0.1,,,,,,,,11455333.0,0.1,,,,,,12297000.0,0.1,,,,,,,,,,-2904202.0,,,,,,,,87321746.0
2015-09-30,2015-11-05,10-Q,"CLEANTECH BIOFUELS, INC.",CLTH,CIK0001411036,USD,411696.0,,,7178514.0,,,0.0,,,,,2283090.0,113840.0,,,,,75139.0,75139.0,,,0.001,240000000.0,87488413.0,87488413.0,87488.0,,108893.0,2945947.0,,,,,,,,,,,31000.0,667000.0,,,0.0,,,,0.0,600000.0,,,88278.0,,,,,0.0,,,,,,,1569250.0,-1669.0,52544.0,,,,,,687316.0,,2283090.0,5263729.0,-2860947.0,85000.0,85000.0,,,,,,,,159768.0,,1669.0,,2860947.0,-108893.0,,,,,,,,,,0.001,10000000.0,0.0,0.0,0.0,38701.0,,,,,,,20615.0,,,0.0,,,,,,,-10206655.0,,,,-1.0,508333.0,0.1,,,,,,,,11788667.0,0.1,,,,,,12297000.0,0.1,,,,,,,,,,-3065639.0,,,,,,,0.0,87488413.0
2015-12-31,2016-03-28,10-K,"CLEANTECH BIOFUELS, INC.",CLTH,CIK0001411036,USD,399297.0,1359257.0,34499.0,7178514.0,,,0.0,,,,87000000.0,2211001.0,41751.0,2169250.0,0.0,,,3085.0,3085.0,2923.0,22447221.0,0.001,240000000.0,87488413.0,87488413.0,87488.0,,551419.0,2937447.0,,,3779000.0,0.0,799000.0,312000.0,6000.0,3779000.0,0.0,,33000.0,677000.0,48000.0,,0.01,,0.0,,0.0,600000.0,15799.0,,453892.0,0.0,,,,0.0,,7300.0,266017.0,,-205950.0,-2000.0,1569250.0,,260849.0,1672.0,,777.0,777.0,,741139.0,,2211001.0,5352140.0,-2852447.0,85000.0,85000.0,0.0,,168224.0,168224.0,0.0,-165301.0,-165301.0,-491309.0,,-203343.0,2937447.0,2852447.0,-445040.0,1936000.0,,0.0,,,,,,0.0,0.001,10000000.0,0.0,0.0,0.0,38666.0,,,100000.0,,,-2276.0,97527.0,-650096.0,34499.0,0.0,18700.0,,,14500.0,2276.0,,-10365442.0,,,0.0,,,,0.0,0.1599,,,0.0085,,,11688667.0,0.1,,100000.0,350000.0,350000.0,-1.0,12197000.0,0.11,,,0.58,0.1,0.0,,,,,-3226139.0,,,,,,0.0,0.0,87292580.0
2016-03-31,2016-05-09,10-Q,"CLEANTECH BIOFUELS, INC.",CLTH,CIK0001411036,USD,389733.0,,,7311464.0,,,,,,,,2230463.0,61213.0,,,,,19983.0,19983.0,16898.0,,0.001,240000000.0,92338413.0,92338413.0,92338.0,,176393.0,2934447.0,,,,,,,,,,,34000.0,687000.0,,,0.0,,,,,600000.0,,,146914.0,,,,,0.0,,-9564.0,70841.0,,-53663.0,288.0,1569250.0,-1719.0,53885.0,1719.0,,222.0,,,794802.0,,2230463.0,5549080.0,-2934447.0,0.0,0.0,,,79724.0,79724.0,0.0,-62826.0,-62826.0,228559.0,,1719.0,,2934447.0,-176393.0,,,,,,,,,0.0,0.001,10000000.0,0.0,0.0,0.0,41230.0,,,85000.0,,-2276.0,-2276.0,29479.0,-228559.0,,0.0,,,,3000.0,,,-10594001.0,,,0.0,,,,,,,,,,,11863667.0,0.1,,,,,,12197000.0,0.1,,,,,,333333.0,,,,-3318617.0,,,,,,,,90671746.0
2016-06-30,2016-08-08,10-Q,"CLEANTECH BIOFUELS, INC.",CLTH,CIK0001411036,USD,428384.0,,,7360464.0,,0.0,,,,,,2286149.0,39403.0,2246746.0,,,,18366.0,18366.0,,,0.001,240000000.0,93338413.0,93338413.0,93338.0,,113057.0,2976998.0,,,,,,,,,,,14000.0,747000.0,,,0.0,,,,,600000.0,,,91417.0,26582.0,,,,0.0,,,,,,,1569250.0,-1721.0,55420.0,,,,,,847077.0,,2286149.0,5722738.0,-2976998.0,0.0,0.0,505.0,,,,,,,166756.0,,1721.0,,2976998.0,-113057.0,,,50914.0,,,,,,,0.001,10000000.0,0.0,0.0,0.0,21037.0,,,,,,,21640.0,,,0.0,,,,,,,-10760757.0,,,,,,,,,,,,,,,,,,,,,,,0.0,,,,,,,,,-3436589.0,,,,,,,,92671746.0
2016-09-30,2016-11-14,10-Q,"CLEANTECH BIOFUELS, INC.",CLTH,CIK0001411036,USD,425379.0,,,7380114.0,,,,,,,,2285069.0,38323.0,2246746.0,,,,872.0,872.0,,22303221.0,0.001,240000000.0,94188413.0,94188413.0,94188.0,,113320.0,,,,,,,,,,,,14000.0,758000.0,,,,,,0.0,,600000.0,,,92137.0,26582.0,,,,,,,,,,,1569250.0,,57502.0,,,,,,901395.0,,2285069.0,5849480.0,,,,505.0,,,,,,,184797.0,,-13975.0,2975087.0,2975087.0,-113320.0,,,50914.0,,,,,,,0.001,10000000.0,0.0,0.0,,37451.0,,,,,,,21183.0,,,,,,,,,,-10945554.0,,,,,,,,,,,,,,12157000.0,0.1,,,,,0.0,12157000.0,0.1,,,,,0.0,,,,,-3564411.0,,,,,,,,93738413.0
2016-12-31,2017-03-31,10-K,"CLEANTECH BIOFUELS, INC.",CLTH,CIK0001411036,USD,421839.0,,34499.0,7380114.0,,,,,,,86000000.0,2276501.0,29755.0,,,,,636.0,636.0,-2449.0,19123221.0,0.001,240000000.0,94188413.0,94188413.0,94188.0,,83341.0,,,,4060000.0,,829000.0,312000.0,6000.0,4060000.0,0.0,,14000.0,677000.0,,,0.01,,,0.0,,600000.0,,,458950.0,26582.0,,,,0.0,,22542.0,207644.0,,-220774.0,-10000.0,1569250.0,,283729.0,,,3484.0,3484.0,,958825.0,,2276501.0,5982714.0,,,,505.0,-180000.0,177170.0,177170.0,,-179619.0,-179619.0,-580112.0,,-233363.0,3008158.0,3008158.0,-486111.0,2009000.0,,50914.0,,-9315.0,,,,,0.001,10000000.0,0.0,0.0,,29119.0,,,110000.0,85000.0,,-453.0,110502.0,-720694.0,34499.0,,,,,17377.0,,,-11086136.0,,0.0,,,,,0.0,0.1481,,,0.0091,,,8345000.0,,,3852000.0,,,0.0,8345000.0,0.1,,,,,0.0,3600000.0,0.13,,,-3706213.0,,,,,50000.0,-50000.0,,92817580.0
2017-03-31,2017-05-15,10-Q,"CLEANTECH BIOFUELS, INC.",CLTH,CIK0001411036,USD,423414.0,,,7429614.0,,,,,,,94000000.0,2291278.0,44532.0,,,,,15715.0,15715.0,15079.0,20623221.0,0.001,240000000.0,94688413.0,94688413.0,94688.0,,99798.0,,,,,,,,,,,,14000.0,814000.0,,,,,,,,600000.0,,,56975.0,26582.0,,,,,,1575.0,48000.0,,-52298.0,-302.0,1569250.0,,52298.0,,,,,,1011104.0,,2291278.0,6099587.0,,,,505.0,-50000.0,65000.0,65000.0,,-49921.0,-49921.0,150860.0,,1236.0,3023158.0,3023158.0,-99798.0,,,50914.0,,,,,,,0.001,10000000.0,0.0,0.0,,28817.0,,,50000.0,15000.0,,,42823.0,-150860.0,,,,,,,,,-11236996.0,,0.0,,,,,,,,,,,,8345000.0,0.1,,,,,0.0,8345000.0,0.1,,,,,0.0,3600000.0,0.13,,,-3808309.0,,,,,,,,94521746.0
2017-06-30,2017-08-14,10-Q,"CLEANTECH BIOFUELS, INC.",CLTH,CIK0001411036,USD,423384.0,,,7482214.0,,,,,,,,2298483.0,51737.0,,,,,30319.0,30319.0,,20698221.0,0.001,240000000.0,95288413.0,95288413.0,95288.0,,88636.0,,,,,,,,,,,,14000.0,830000.0,,,,,,0.0,,600000.0,,,61529.0,26582.0,,,,,,,,,,,1569250.0,,63172.0,,,,,,1074276.0,,2298483.0,6205400.0,,,,505.0,,,,,,,150563.0,,1245.0,3018158.0,3018158.0,-88636.0,,,50914.0,,,,,,,0.001,10000000.0,0.0,0.0,,21418.0,,,,,,,27107.0,,,,,,,,,,-11387559.0,,,,,,,,,,,,,,8345000.0,0.1,,,,,0.0,8345000.0,0.11,,,,,0.0,3600000.0,0.13,,,-3906917.0,,,,,,,,94921746.0
2017-09-30,2017-11-13,10-Q,"CLEANTECH BIOFUELS, INC.",CLTH,CIK0001411036,USD,435108.0,,,7557797.0,,,,,,,,2326920.0,80174.0,,,,,6273.0,6273.0,,12050000.0,0.001,240000000.0,97693409.0,97693409.0,97693.0,,92697.0,,,,,,,,,,,,14000.0,842000.0,,,0.01,,,,,600000.0,,,65573.0,26582.0,,,,,,,,,,,1569250.0,,58646.0,,,,,,1127139.0,,2326920.0,6307192.0,,,,505.0,,,,,,,150086.0,,1257.0,3007553.0,3007553.0,-92697.0,,,50914.0,,,,,,,0.001,10000000.0,0.0,0.0,,73901.0,,,,,,,27124.0,,,,,,,,,,-11537645.0,,,,,,,,,,,,,,8345000.0,0.1,,,,,,8345000.0,0.11,,,,,0.0,3600000.0,0.13,,,-3980272.0,,,,,,,,96890078.0
2017-12-31,2018-04-02,10-K,"CLEANTECH BIOFUELS, INC.",CLTH,CIK0001411036,USD,429699.0,,34499.0,7536257.0,,47600.0,,,,,85000000.0,2313969.0,67223.0,,,,,2505.0,2505.0,1869.0,14698221.0,0.001,240000000.0,97633409.0,97633409.0,97633.0,,80054.0,,,,4298000.0,,836000.0,312000.0,6000.0,4298000.0,0.0,,14000.0,745000.0,,,0.01,0.35,,,,600000.0,,,303865.0,26582.0,,,,0.0,,7860.0,190978.0,,-253012.0,35599.0,1569250.0,,308098.0,,,,,,1194149.0,,2313969.0,6441271.0,,,,505.0,,135000.0,,,-133131.0,,-451509.0,,-258807.0,3032553.0,3032553.0,-361185.0,1965000.0,,50914.0,,-6981.0,,,,,0.001,10000000.0,0.0,0.0,,64718.0,,,100000.0,40000.0,,,137374.0,,34499.0,,,,,5000.0,,,-11695409.0,0.0,0.0,,,,,,,,,,,,8345000.0,,,,,,,8345000.0,0.1,,,,,0.0,3600000.0,0.13,,,-4127302.0,16388.0,,,,,,,96001745.0
2018-03-31,2018-05-14,10-Q,"CLEANTECH BIOFUELS, INC.",CLTH,CIK0001411036,USD,426483.0,,,7555007.0,,54200.0,,,,,85000000.0,2326098.0,79352.0,,,,,8034.0,8034.0,5529.0,12800000.0,0.001,240000000.0,98883409.0,98883409.0,98883.0,,,,,,,,,,,,,,14000.0,771000.0,,,,,,,,600000.0,,,53971.0,26582.0,,,,,,-3216.0,47832.0,,-61387.0,6600.0,1569250.0,,61387.0,,,,,,1242937.0,,2326098.0,6614274.0,,,,505.0,,67000.0,,,-61471.0,,-179988.0,,-60501.0,3112152.0,3112152.0,-119487.0,,,50914.0,,886.0,,,,,0.001,10000000.0,0.0,0.0,,71318.0,,,,67000.0,,,65516.0,,,,,,,,,,-11875397.0,,0.0,,,,,,,,,,,,8095000.0,0.11,,250000.0,,,,8095000.0,0.11,,,,,0.0,3600000.0,0.13,2400000.0,,-4288176.0,,,,,,,,98050076.0
2018-06-30,2018-08-14,10-Q,"CLEANTECH BIOFUELS, INC.",CLTH,CIK0001411036,USD,429442.0,,,7558007.0,,,,,,,,2308085.0,61339.0,,,,,1421.0,1421.0,,11300000.0,0.001,240000000.0,99083409.0,99083409.0,99083.0,,,,,,,,,,,,,,14000.0,937000.0,,,,,,,,600000.0,,,61121.0,26582.0,,,,,,,,,,,1569250.0,,63817.0,,,,,,1306755.0,,2308085.0,6758882.0,,,,505.0,,,,,,,-165145.0,,-62909.0,3142152.0,3142152.0,-102236.0,,,50914.0,,908.0,,,,,0.001,10000000.0,0.0,0.0,,59918.0,,,,,,,41115.0,,,,,,,,,,-12040311.0,,,,,,,,,,,,,,8095000.0,0.11,,,,,,8095000.0,0.11,,,,,0.0,3600000.0,0.13,,,-4450797.0,,,,,,,,99083409.0
2018-09-30,2018-11-13,10-Q,"CLEANTECH BIOFUELS, INC.",CLTH,CIK0001411036,USD,423625.0,,,7493157.0,,,,,,,,2225529.0,56279.0,,,,,5828.0,5828.0,,8750000.0,0.001,240000000.0,98933409.0,98933409.0,98933.0,,,,,,,,,,,,,,14000.0,1015000.0,,,0.01,,,,,600000.0,,,49839.0,,,,,,,,,,,,1569250.0,,66265.0,,,,,,1373020.0,,2225529.0,6887172.0,,,,,,,,,,,-169876.0,,-91677.0,3162152.0,3162152.0,-78199.0,,26207.0,,,795.0,,,,,0.001,10000000.0,0.0,0.0,,50451.0,,,,,,,28360.0,,,,,,,,,,-12210187.0,,,,,,,,,,,,,,5895000.0,0.11,,,,,,5895000.0,0.11,,,,,0.0,3600000.0,0.13,,,-4661643.0,,,,,,,,99033409.0
2018-12-31,2019-04-01,10-K,"CLEANTECH BIOFUELS, INC.",CLTH,CIK0001411036,USD,422053.0,,34499.0,7494357.0,,24500.0,,,,,86000000.0,2221958.0,52708.0,,,,,11057.0,11057.0,8552.0,8750000.0,0.001,240000000.0,99333409.0,99333409.0,99333.0,,,,,,3156000.0,,585000.0,216000.0,4000.0,3156000.0,0.0,,15000.0,1049000.0,,,0.01,0.21,,,,600000.0,,,269597.0,,,,,,6.0,3468.0,190854.0,,-268883.0,-23067.0,1569250.0,,325637.0,,,,,,1440103.0,,2221958.0,7035032.0,,,,,,152000.0,,,-143448.0,,-515009.0,15877.0,-281065.0,3197152.0,3197152.0,-385637.0,1961000.0,15877.0,,,-7188.0,,,,,0.001,10000000.0,0.0,0.0,,41651.0,,,,,,,201755.0,,34499.0,,,,,,,,-12362664.0,0.0,0.0,,,,,,,,,,,,5670000.0,,,2675000.0,,,,5670000.0,0.1,,,,,0.0,3600000.0,0.15,2400000.0,,-4813074.0,,,,,,,,98875076.0
2019-03-31,2019-05-15,10-Q,"CLEANTECH BIOFUELS, INC.",CLTH,CIK0001411036,USD,416326.0,,,7494357.0,,13100.0,,,,,84000000.0,2220500.0,51250.0,,,,,20999.0,20999.0,9942.0,6200000.0,0.001,240000000.0,99333409.0,99333409.0,99333.0,,,,,,,,,,,,,,14000.0,1125000.0,,,,,,,,600000.0,,,48459.0,,,,,,,-5727.0,113226.0,,,-11400.0,1569250.0,,65380.0,,,,,,1482889.0,,2220500.0,7167146.0,,,26385.0,,,51000.0,,,-41058.0,,-159398.0,,-64821.0,3270745.0,3244360.0,-94577.0,,,,,559.0,,,,,0.001,10000000.0,0.0,0.0,,30251.0,,,,60000.0,,,46118.0,,,,,,,9000.0,,,-12522062.0,,,,,,,,,,,,,,5340000.0,0.11,0.0,330000.0,,,,5340000.0,0.11,,,,,0.0,3600000.0,0.15,3600000.0,,-4973031.0,,,,,,,,99333409.0
2019-06-30,2019-08-14,10-Q,"CLEANTECH BIOFUELS, INC.",CLTH,CIK0001411036,USD,425522.0,,,7495557.0,,,,,,,,2189329.0,20079.0,,,,,228.0,228.0,,6200000.0,0.001,240000000.0,99733409.0,99733409.0,99733.0,,,,,,,,,,,,,,14000.0,1141000.0,,,,,,,,600000.0,,,48912.0,,,,,,,,,,,,1569250.0,,63642.0,,,,,,1550993.0,,2189329.0,7286279.0,,,16132.0,,,,,,,,-141084.0,,-63074.0,3256284.0,3240152.0,-78010.0,,,,,568.0,,,,,0.001,10000000.0,0.0,0.0,,19851.0,,,,,,,29098.0,,,,,,,,,,-12663145.0,,,,,,,,,,,,,,5300000.0,0.11,,,,,,5300000.0,0.11,,,,,,3600000.0,0.15,,,-5113082.0,,,,,,,,99466742.0
2019-09-30,2019-11-13,10-Q,"CLEANTECH BIOFUELS, INC.",CLTH,CIK0001411036,USD,426939.0,,,7495557.0,,,,,,,,2187769.0,18519.0,,,,,1.0,1.0,,5450000.0,0.001,240000000.0,99733409.0,99733409.0,99733.0,,,,,,,,,,,,,,15000.0,1158000.0,,,,,,,,600000.0,,,52866.0,,,,,,,,,,,,1569250.0,,71291.0,,,,,,1558344.0,,2187769.0,7442958.0,,,,,,,,,,,-141527.0,,-70712.0,3340224.0,3340224.0,-70815.0,,,,,579.0,,,,,0.001,10000000.0,0.0,0.0,,18518.0,,,,,,,17949.0,,,,,,,,,,-12804673.0,,,,,,,,,,,,,,5300000.0,0.11,,,,,,5300000.0,0.11,,,,,,3600000.0,0.15,,,-5255189.0,,,,,,,,99733409.0
