end,filed,form,Name,Ticker,CIK,Currency,AccountsPayableAndAccruedLiabilitiesCurrent,AccountsPayableCurrent,AccountsPayableInterestBearingCurrent,AccruedLiabilitiesAndOtherLiabilities,AccruedLiabilitiesCurrent,AdditionalPaidInCapital,AdditionalPaidInCapitalCommonStock,AdjustmentsToReconcileNetIncomeLossToCashProvidedByUsedInOperatingActivities,Assets,AssetsCurrent,CarryingCostsPropertyAndExplorationRights,Cash,CashAndCashEquivalentsAtCarryingValue,CashAndCashEquivalentsPeriodIncreaseDecrease,CashPeriodIncreaseDecrease,CommitmentsAndContingencies,CommonStockParOrStatedValuePerShare,CommonStockShareSubscribedButUnissuedSubscriptionsReceivable,CommonStockSharesAuthorized,CommonStockSharesIssued,CommonStockSharesOutstanding,CommonStockValue,CostsAndExpenses,CurrentFederalTaxExpenseBenefit,CurrentIncomeTaxExpenseBenefit,DebtInstrumentDecreaseForgiveness,DebtInstrumentIncreaseAccruedInterest,DebtInstrumentInterestRateStatedPercentage,DeferredTaxAssetsGross,DeferredTaxAssetsNet,DeferredTaxAssetsOperatingLossCarryforwards,DeferredTaxAssetsValuationAllowance,DueFromRelatedParties,DueFromRelatedPartiesCurrent,DueToRelatedPartiesCurrent,EarningsPerShareBasicAndDiluted,EffectiveIncomeTaxRateReconciliationAtFederalStatutoryIncomeTaxRate,GainsLossesOnExtinguishmentOfDebt,IncomeLossFromContinuingOperationsBeforeIncomeTaxesDomestic,IncomeLossFromContinuingOperationsBeforeIncomeTaxesExtraordinaryItemsNoncontrollingInterest,IncomeLossFromContinuingOperationsBeforeInterestExpenseInterestIncomeIncomeTaxesExtraordinaryItemsNoncontrollingInterestsNet,IncomeLossFromContinuingOperationsPerBasicAndDilutedShare,IncomeTaxExpenseBenefit,IncomeTaxesPaid,IncomeTaxesPaidNet,IncomeTaxReconciliationChangeInDeferredTaxAssetsValuationAllowance,IncreaseDecreaseInAccountsPayable,IncreaseDecreaseInAccruedLiabilities,IncreaseDecreaseInInterestPayableNet,IncreaseDecreaseInOtherAccountsPayableAndAccruedLiabilities,IncreaseDecreaseInOtherOperatingLiabilities,IncreaseDecreaseInPrepaidExpense,InterestAndDividendsPayableCurrent,InterestExpense,InterestExpenseDebt,InterestExpenseRelatedParty,InterestPaid,InterestPaidNet,InterestPayableCurrent,InterestPayableCurrentAndNoncurrent,Liabilities,LiabilitiesAndStockholdersEquity,LiabilitiesCurrent,LoansPayable,LoansPayableCurrent,LongTermDebt,LongTermDebtCurrent,LongTermLoansPayable,LongTermNotesPayable,NetCashProvidedByUsedInFinancingActivities,NetCashProvidedByUsedInFinancingActivitiesContinuingOperations,NetCashProvidedByUsedInInvestingActivities,NetCashProvidedByUsedInOperatingActivities,NetCashProvidedByUsedInOperatingActivitiesContinuingOperations,NetIncomeLoss,NonoperatingIncomeExpense,OperatingCostsAndExpenses,OperatingExpenses,OperatingIncomeLoss,OperatingLossCarryforwards,OtherAssetsCurrent,OtherGeneralExpense,OtherIncome,OtherLoansPayable,OtherNoncashIncomeExpense,OtherNonoperatingIncomeExpense,OtherNonrecurringIncomeExpense,OtherOperatingIncome,OtherOperatingIncomeExpenseNet,OtherPrepaidExpenseCurrent,PaymentOfFinancingAndStockIssuanceCosts,PaymentsForProceedsFromDepositOnLoan,PaymentsToAcquireMiningAssets,PrepaidExpenseCurrent,PrepaidInterest,ProceedsFromIssuanceOfCommonStock,ProceedsFromIssuanceOfDebt,ProceedsFromIssuanceOfLongTermDebt,ProceedsFromIssuanceOfMediumTermNotes,ProceedsFromIssuanceOrSaleOfEquity,ProceedsFromLoanOriginations1,ProceedsFromRelatedPartyDebt,ProceedsFromRepaymentsOfLinesOfCredit,ProceedsFromRepaymentsOfNotesPayable,ProceedsFromRepaymentsOfRelatedPartyDebt,ProfitLoss,PropertyPlantAndEquipmentOther,ReceivableFromShareholdersOrAffiliatesForIssuanceOfCapitalStock,RepaymentOfNotesReceivableFromRelatedParties,RepaymentsOfRelatedPartyDebt,RetainedEarningsAccumulatedDeficit,Revenues,SellingGeneralAndAdministrativeExpense,ShortTermBankLoansAndNotesPayable,ShortTermBorrowings,StockholdersEquity,StockholdersEquityIncludingPortionAttributableToNoncontrollingInterest,StockholdersEquityNoteSubscriptionsReceivable,StockIssuedDuringPeriodSharesNewIssues,StockIssuedDuringPeriodValueNewIssues,TradingSecuritiesDebt,ValuationAllowanceDeferredTaxAssetChangeInAmount,WeightedAverageNumberOfShareOutstandingBasicAndDiluted,WeightedAverageNumberOfSharesOutstandingBasic,CashCashEquivalentsRestrictedCashAndRestrictedCashEquivalentsPeriodIncreaseDecreaseIncludingExchangeRateEffect,GainLossOnDispositionOfAssets,NotesPayableRelatedPartiesClassifiedCurrent
2017-01-31,2017-03-15,10-Q,BOXXY INC.,BXXY,CIK0001680689,USD,,,,,1500.0,0.0,,,0.0,0.0,,0.0,,,,,0.001,,75000000.0,3000000.0,3000000.0,3000.0,4213.0,,,,,,,0.0,4178.0,4178.0,,,7789.0,0.0,,,,,,,0.0,,,,,,,,,,,,,,,,,,9289.0,0.0,9289.0,,,,,,,,,,,,-4213.0,,4213.0,4213.0,-4213.0,12289.0,,,,,,,,,,,,,,,,,,,,,,,,,,,,,,,-12289.0,0.0,,,,-9289.0,,0.0,,,,,3000000.0,,,,
2017-04-30,2017-07-31,10-K,BOXXY INC.,BXXY,CIK0001680689,USD,,0.0,,,0.0,0.0,,,248.0,248.0,,88.0,88.0,,88.0,,0.001,0.0,75000000.0,4190000.0,4190000.0,0.0,,6042.0,,,,,,0.0,4401.0,9905.0,,,11519.0,0.0,,,,,,,0.0,,0.0,6042.0,0.0,0.0,,,,160.0,,,0.0,,,0.0,,,14519.0,248.0,14519.0,,,0.0,,,,13252.0,13152.0,,-13164.0,-13152.0,-13004.0,,13004.0,13004.0,-13004.0,17759.0,,,,,,,,,,,,,,160.0,,0.0,0.0,,,3000.0,,10152.0,,,10252.0,,,,,,-17771.0,0.0,,,,-14771.0,,0.0,3000.0,3000.0,,4401.0,3000000.0,,,,
2017-07-31,2017-09-19,10-Q,BOXXY INC.,BXXY,CIK0001680689,USD,,,,,1500.0,11400.0,,,15335.0,15335.0,,9273.0,,,9185.0,,0.001,,75000000.0,3600000.0,3600000.0,3600.0,,-1700.0,,,,,,0.0,4338.0,4338.0,,,11619.0,0.0,,,,,,,0.0,,0.0,,,-2000.0,0.0,,,5814.0,,0.0,,,,0.0,,,13119.0,15335.0,13119.0,,,,,,,12000.0,,,-2815.0,,4999.0,0.0,2054.0,2054.0,4999.0,12772.0,,,,,,,,,,,,,,5974.0,,12000.0,0.0,,,12000.0,,100.0,,,,,,,,,-12784.0,7053.0,,,,2216.0,,,,,,-1700.0,3397826.0,,,,
2017-10-31,2017-12-15,10-Q,BOXXY INC.,BXXY,CIK0001680689,USD,,,,,2229.0,22610.0,,,22970.0,22970.0,,11995.0,11996.0,,,,0.001,,4190000.0,4190000.0,4190000.0,4190.0,,,,,,,,0.0,5671.0,5671.0,,,10619.0,0.0,,,,,,,0.0,,,,,,,,,,,,,,,,,,12848.0,22970.0,12848.0,,,,,,,,,,,,-3907.0,,3907.0,3907.0,-3907.0,16679.0,,,,,,,3907.0,,,,,,,10974.0,,,,,,,,,,,,,,,,,-16679.0,0.0,,,,10121.0,,,,,,,4040870.0,3397826.0,,,
2018-01-31,2018-03-19,10-Q,BOXXY INC.,BXXY,CIK0001680689,USD,,,,,2057.0,22610.0,,,18783.0,18783.0,,7809.0,7809.0,,,,0.001,,75000000.0,4190000.0,4190000.0,4190.0,,,0.0,,,,,0.0,994.0,994.0,,,10619.0,0.001,,,,,,,0.0,,,,,,,,,,,0.0,,,,,,,12676.0,18783.0,12676.0,,,,,,,,,,,,-4014.0,,19278.0,19278.0,-4014.0,20693.0,,,,,,,0.0,,,,,,,10974.0,,,,,,,,,,,,,,,,,-20693.0,15264.0,,,,6107.0,,,,,,,4190000.0,4190000.0,,,
2018-04-30,2018-08-13,10-K,BOXXY INC.,BXXY,CIK0001680689,USD,,504.0,,,13976.0,22610.0,22610.0,,12308.0,12308.0,,1494.0,1494.0,1406.0,1406.0,,0.001,,75000000.0,4190000.0,4190000.0,4190.0,,3863.0,,,,0.06,,0.0,9905.0,9905.0,,,10619.0,0.0,0.34,,,,,,0.0,,0.0,3863.0,504.0,10476.0,,,,-10654.0,0.0,,0.0,,,0.0,0.0,,31672.0,12308.0,25099.0,6573.0,,6573.0,,6573.0,10619.0,29473.0,,,-28067.0,,-28393.0,,50710.0,50710.0,-28393.0,36164.0,0.0,,,,,,,,,,,,,10814.0,,23800.0,6573.0,,,0.0,,,,,-900.0,,,0.0,,,-46164.0,22317.0,,6573.0,,-19364.0,-19364.0,0.0,,23800.0,,3863.0,3965632.0,,,,
2018-07-31,2018-09-14,10-Q,BOXXY INC.,BXXY,CIK0001680689,USD,,0.0,,,-1500.0,22610.0,,,11611.0,11611.0,,148.0,,-1346.0,-1346.0,,0.001,,75000000.0,4190000.0,4190000.0,4190.0,,726.0,,,,0.06,,0.0,10631.0,10631.0,,4136.0,10619.0,0.0,,,,-3458.0,,,0.0,,0.0,726.0,,-1500.0,126.0,,,650.0,126.0,126.0,126.0,,,0.0,126.0,,34434.0,11611.0,23725.0,,,10709.0,,,,4136.0,,,4136.0,,-3458.0,-126.0,3332.0,3332.0,-3458.0,49622.0,,3332.0,,,,,,,,-650.0,,,,11464.0,126.0,0.0,4136.0,,,,,,,,,3332.0,,,,,-49622.0,0.0,,,,-22822.0,,,,,,726.0,4190000.0,,,,
2018-10-31,2018-12-26,10-Q,BOXXY INC.,BXXY,CIK0001680689,USD,,0.0,,,-1500.0,,22610.0,,11464.0,11464.0,,,0.0,,,,0.001,,4190000.0,4190000.0,4190000.0,4190.0,,,,,,,,,,,,,,0.0,,,,,,,,,,,,,,,,,323.0,,,,,,,,37083.0,11464.0,,,,,,13309.0,10471.0,,,,,,-2797.0,,,2600.0,-2797.0,,,,,,,,2600.0,-197.0,,-650.0,,,,11464.0,-323.0,,,,,,,,,,,,,,,,-52419.0,,,,,,-25619.0,,,,,,,3397826.0,,,
2019-01-31,2019-03-18,10-Q,BOXXY INC.,BXXY,CIK0001680689,USD,,0.0,,,-1500.0,,22610.0,,650.0,650.0,,,0.0,,,,,,75000000.0,4190000.0,4190000.0,4190.0,,,0.0,,,,,,,,,,,0.001,,,,,,,,,,,,,,,,,587.0,-264.0,,,,,,,41062.0,650.0,,,,,,13309.0,10471.0,,,,,,-15128.0,,,14864.0,-14864.0,,0.0,,,,,,0.0,,,-650.0,,,,650.0,-588.0,,,,,,,,,,,,,0.0,,,-67547.0,0.0,,4050.0,,,-40747.0,,,,,,,4190000.0,,,
2019-04-30,2019-11-29,10-K,BOXXY INC.,BXXY,CIK0001680689,USD,25831.0,504.0,,,26143.0,22610.0,,,0.0,0.0,,0.0,0.0,-1494.0,-1494.0,,0.001,,75000000.0,4190000.0,4190000.0,4190.0,,5641.0,,,,,15546.0,0.0,15546.0,15546.0,12221.0,,12221.0,-0.01,0.21,,,,,,0.0,0.0,,-15546.0,,0.0,,12168.0,,10814.0,,816.0,,,1631.0,,816.0,,56227.0,0.0,49891.0,6336.0,6973.0,,6973.0,,,12387.0,,,-13881.0,,-36863.0,-816.0,36047.0,36047.0,-36863.0,73027.0,,,,4050.0,,,,,,0.0,,,,,,,,10786.0,,,1601.0,,,,1601.0,-36863.0,,,,,-83027.0,,36047.0,,4050.0,-56227.0,,,,,6973.0,,4190000.0,,,,
2019-07-31,2020-03-05,10-Q,BOXXY INC.,BXXY,CIK0001680689,USD,,0.0,,,28988.0,22610.0,,,0.0,,,0.0,0.0,0.0,0.0,,0.001,,75000000.0,4190000.0,4190000.0,4190.0,,,,,1860.0,,,,,,12221.0,0.0,2600.0,,,,,-2845.0,,0.0,0.0,,0.0,,,,262.0,2583.0,,,262.0,262.0,,,,0.0,,,59072.0,0.0,56472.0,,,,,,,0.0,,0.0,0.0,,-2845.0,,,2583.0,-2845.0,,,2583.0,0.0,,,-262.0,,,,0.0,,,,,263.0,,,,,,0.0,0.0,,,,2583.0,,,,,-85872.0,0.0,2583.0,,4050.0,-59072.0,,,,,10709.0,,4190000.0,,,,
2019-10-31,2020-03-25,10-Q,BOXXY INC.,BXXY,CIK0001680689,USD,,0.0,,,28988.0,22610.0,,,0.0,,,0.0,0.0,,,,0.001,,75000000.0,4190000.0,4190000.0,4190.0,,,,,,,,,,,18419.0,,0.0,0.0,,,,,,,0.0,,,,,,,,,,525.0,263.0,,,,,,,65082.0,0.0,65082.0,,,,,,,,,,,,-6010.0,,,5747.0,-6010.0,,,,0.0,,,-263.0,,,,0.0,,,,,-525.0,,,,,,,,,,,,,,,,-91882.0,,5747.0,,4050.0,-65082.0,,,,,504.0,,4190000.0,,,,
2020-01-31,2020-04-20,10-Q,BOXXY INC.,BXXY,CIK0001680689,USD,,1570.0,,,35189.0,22610.0,,,0.0,,,0.0,0.0,,,,0.001,,75000000.0,4190000.0,4190000.0,4190.0,,,,,,,,,,,22482.0,,0.0,0.0,,,,,,,0.0,,,,,,,,,,788.0,263.0,,,,,,,76600.0,0.0,76600.0,,,,,,,,,,,,-11518.0,,,11255.0,-11518.0,,,,0.0,,,-263.0,,,,0.0,,,,,-788.0,,,,,,,,,,,,,,,,-103400.0,,11255.0,,4050.0,-76600.0,,,,,504.0,,4190000.0,,,,
2020-04-30,2020-12-28,10-K,BOXXY INC.,BXXY,CIK0001680689,USD,41187.0,,,,,22610.0,,,0.0,0.0,0.0,,0.0,,0.0,0.0,0.001,,75000000.0,4190000.0,4190000.0,4190.0,,,,,,,21145.0,0.0,,,,,22482.0,-0.01,0.21,0.0,,,-26661.0,-0.01,0.0,0.0,,21145.0,,1044.0,,15356.0,,0.0,,1044.0,,,0.0,,1860.0,,82888.0,0.0,75915.0,6973.0,6336.0,6336.0,6336.0,,,10261.0,,0.0,-10261.0,,-26661.0,-1044.0,,25617.0,-25617.0,100690.0,,,,4050.0,,,,,-1044.0,,,,,,,,,0.0,,,10261.0,,,,,-26661.0,0.0,,,,-109688.0,,25617.0,,,-82888.0,,,,,,,4190000.0,,,,
2020-07-31,2021-01-25,10-Q,BOXXY INC.,BXXY,CIK0001680689,USD,43798.0,,,,,22610.0,,,0.0,0.0,,,0.0,,0.0,,0.001,,75000000.0,4190000.0,4190000.0,4190.0,,,,,1674.0,,,,,,,,22532.0,,,-4184.0,1261.0,,,0.0,0.0,,0.0,,,262.0,262.0,2611.0,,,,262.0,,0.0,,0.0,1674.0,,81627.0,0.0,74654.0,6973.0,,,2600.0,,,50.0,,0.0,-50.0,,1261.0,,,2661.0,-2661.0,,,,4184.0,4050.0,,3922.0,,,3922.0,,,,,,,,,50.0,0.0,,50.0,50.0,,,,,,,,,-108427.0,,2661.0,,,-81627.0,,,,,,,4190000.0,,,,
2020-10-31,2021-02-12,10-Q,BOXXY INC.,BXXY,CIK0001680689,USD,44046.0,,,,,22610.0,,,0.0,0.0,,,0.0,,,,0.001,,75000000.0,4190000.0,4190000.0,4190.0,,,,,,0.06,,,,,,,4223.0,0.0,,25394.0,20787.0,,,0.0,0.0,,,,,,,,,,,186.0,,0.0,,,1548.0,,60840.0,0.0,53867.0,,,,0.0,,,,,,,,20787.0,,,4421.0,-4421.0,,,,25394.0,4050.0,,25208.0,,,25208.0,,,,,,,,,,,,,,,,,,,,,,-87640.0,,4421.0,,,-60840.0,,,,,,,4190000.0,,,,
2021-01-31,2021-03-31,10-Q,BOXXY INC.,BXXY,CIK0001680689,USD,50331.0,,,,,22610.0,,,125000.0,0.0,,,0.0,,,0.0,0.001,,75000000.0,4190000.0,4190000.0,4190.0,,,,,,0.06,,,,,,,129680.0,0.0,,4293.0,-2561.0,,,0.0,0.0,,,,,,,,,,,112.0,,0.0,,,1417.0,,188401.0,125000.0,181428.0,6973.0,,,0.0,,,,,,,,-2561.0,,,6742.0,-6742.0,,,,4293.0,0.0,,4181.0,,,4181.0,,,,,,,,,,,,,,,,,,125000.0,,,,-90201.0,,6742.0,,,-63401.0,,,,,,,4190000.0,,,,
2021-04-30,2021-07-29,10-K,BOXXY INC.,BXXY,CIK0001680689,USD,39921.0,,0.0,,1279.0,22610.0,,,125000.0,0.0,125000.0,,0.0,,0.0,,0.001,,75000000.0,4190000.0,4190000.0,4190.0,,,,,,0.06,19926.0,0.0,,,,,153913.0,,0.21,34114.0,,,5802.0,0.0,0.0,,,19926.0,,665.0,,-1266.0,,,,262.0,,,,,1279.0,,202086.0,125000.0,195113.0,6973.0,,6336.0,0.0,0.0,,153913.0,,-125000.0,-28913.0,,5802.0,,,27647.0,-27647.0,94888.0,,,,0.0,,,,,33449.0,,,,,,,,,,,,153913.0,,,,,,125000.0,,,,-103886.0,,27647.0,,,-77086.0,,,,,,,4190000.0,,,,
2021-07-31,2021-09-14,10-Q,BOXXY INC.,BXXY,CIK0001680689,USD,43870.0,,253.0,253.0,1385.0,22610.0,,,125000.0,0.0,,,0.0,,0.0,,0.001,,75000000.0,4190000.0,4190000.0,4190.0,,,,,,,,,,,,,0.0,,,0.0,-7130.0,,,0.0,0.0,,0.0,,,359.0,,3949.0,,,,105.0,,253.0,,0.0,1385.0,253.0,209216.0,125000.0,45508.0,6973.0,,,,156735.0,,2822.0,,,-2822.0,,-7130.0,,,6772.0,-6772.0,,,,,156735.0,,,,,-358.0,,,,,,,,,2822.0,153913.0,,,,,,,,125000.0,,,,-111016.0,,6772.0,,,-84216.0,,,,,,,4190000.0,,,,
2021-10-31,2021-12-10,10-Q,BOXXY INC.,BXXY,CIK0001680689,USD,38218.0,,1043.0,1043.0,1490.0,22610.0,,,125000.0,0.0,,,0.0,,,,0.001,,75000000.0,4190000.0,4190000.0,4190.0,,,,,,,,,,,,,0.0,,,0.0,-6693.0,,,0.0,0.0,,,,,,,,,,,106.0,,790.0,,,1490.0,1043.0,215909.0,125000.0,40751.0,6973.0,,,,168185.0,,,,,,,-6693.0,,,5797.0,-5797.0,,,,,168185.0,,,,,-896.0,,,,,,,,,,,,,,,,,,125000.0,,,,-117709.0,,5797.0,,,-90909.0,,,,,,,4190000.0,,,,11450.0
2022-01-31,2022-03-15,10-Q,BOXXY INC.,BXXY,CIK0001680689,USD,36493.0,,1917.0,1917.0,1596.0,22610.0,,,125000.0,0.0,,,0.0,,,,0.001,,75000000.0,4190000.0,4190000.0,4190.0,,,,,,,,,,,,,175206.0,,,0.0,-6276.0,,,0.0,0.0,,,,,,,,,,,105.0,,874.0,,,1596.0,1917.0,222185.0,125000.0,215212.0,6973.0,,,,,,,,,,,-6276.0,,,5297.0,-5297.0,,,,,175206.0,,,,,-979.0,,,,,,,,,,,,,,,,,,125000.0,,,,-123985.0,,5297.0,,,-97185.0,,,,,,,4190000.0,,,,7021.0
