end,filed,form,Name,Ticker,CIK,Currency,AccountsPayableAndAccruedLiabilities,AccountsPayableAndAccruedLiabilitiesCurrent,AccountsPayableCurrent,AccountsPayableRelatedPartiesCurrent,AccountsReceivableGross,AccountsReceivableNetCurrent,AccretionExpense,AccruedLiabilitiesCurrent,AccumulatedDepreciationDepletionAndAmortizationPropertyPlantAndEquipment,AccumulatedOtherComprehensiveIncomeLossNetOfTax,AdditionalPaidInCapital,AdjustmentForAmortization,AllowanceForDoubtfulAccountsReceivable,Assets,AssetsCurrent,AssetsNoncurrent,BankingRegulationMaximumPayoutRatio,BankOverdrafts,Cash,CashAndCashEquivalentsAtCarryingValue,CashAndCashEquivalentsPeriodIncreaseDecrease,CashCashEquivalentsRestrictedCashAndRestrictedCashEquivalentsPeriodIncreaseDecreaseIncludingExchangeRateEffect,CommonStockParOrStatedValuePerShare,CommonStockShareSubscribedButUnissuedSubscriptionsReceivable,CommonStockSharesAuthorized,CommonStockSharesIssued,CommonStockSharesOutstanding,CommonStockValue,ComprehensiveIncomeNetOfTax,ComprehensiveIncomeNetOfTaxAttributableToNoncontrollingInterest,ComprehensiveIncomeNetOfTaxIncludingPortionAttributableToNoncontrollingInterest,CostOfRevenue,DebtInstrumentCollateralAmount,DebtInstrumentConvertibleBeneficialConversionFeature,DebtLongtermAndShorttermCombinedAmount,DeferredIncomeTaxesAndTaxCredits,DeferredRevenue,DeferredTaxAssetsLiabilitiesNet,DeferredTaxAssetsNet,DeferredTaxAssetsOperatingLossCarryforwardsDomestic,DeferredTaxAssetsValuationAllowance,DeferredTaxLiabilitiesDeferredExpense,DepositsAssets,Depreciation,DevelopmentStageEnterpriseDeficitAccumulatedDuringDevelopmentStage,DueFromRelatedParties,DueToRelatedPartiesCurrent,DueToRelatedPartiesCurrentAndNoncurrent,EarningsPerShareBasicAndDiluted,EffectiveIncomeTaxRateReconciliationAtFederalStatutoryIncomeTaxRate,EffectOfExchangeRateOnCashAndCashEquivalents,ExtinguishmentOfDebtAmount,ForeignCurrencyTransactionGainLossBeforeTax,ForeignCurrencyTransactionGainLossRealized,GainLossOnCondemnation,GainsLossesOnExtinguishmentOfDebt,GainsLossesOnRestructuringOfDebt,GeneralAndAdministrativeExpense,Goodwill,GrossProfit,IncomeLossFromContinuingOperationsBeforeIncomeTaxesExtraordinaryItemsNoncontrollingInterest,IncomeLossFromContinuingOperationsBeforeIncomeTaxesMinorityInterestAndIncomeLossFromEquityMethodInvestments,IncomeLossFromEquityMethodInvestments,IncomeTaxExpenseBenefit,IncomeTaxesPaidNet,IncomeTaxReconciliationNondeductibleExpense,IncreaseDecreaseInAccountsPayableAndAccruedLiabilities,IncreaseDecreaseInAccountsPayableTrade,IncreaseDecreaseInAccountsReceivable,IncreaseDecreaseInAccountsReceivableRelatedParties,IncreaseDecreaseInDeferredLiabilities,IncreaseDecreaseInDueToOtherRelatedPartiesCurrent,IncreaseDecreaseInInventories,IncreaseDecreaseInOtherAccruedLiabilities,IncreaseDecreaseInOtherReceivables,IntangibleAssetsCurrent,InterestExpense,InterestPaid,InterestPayableCurrent,InventoryNet,InvestmentIncomeInterest,IssuanceOfStockAndWarrantsForServicesOrClaims,LeaseCost,LesseeOperatingLeaseLiabilityPaymentsDue,LesseeOperatingLeaseLiabilityPaymentsDueAfterRollingYearFive,LesseeOperatingLeaseLiabilityPaymentsDueInRollingYearFour,LesseeOperatingLeaseLiabilityPaymentsDueInRollingYearThree,LesseeOperatingLeaseLiabilityPaymentsDueInRollingYearTwo,LesseeOperatingLeaseLiabilityPaymentsDueNextRollingTwelveMonths,Liabilities,LiabilitiesAndStockholdersEquity,LiabilitiesCurrent,LiabilitiesNoncurrent,LoansPayableCurrent,LongTermDebt,MinorityInterest,MinorityInterestChangeInRedemptionValue,NetCashProvidedByUsedInFinancingActivities,NetCashProvidedByUsedInInvestingActivities,NetCashProvidedByUsedInOperatingActivities,NetIncomeLoss,NetIncomeLossIncludingPortionAttributableToNonredeemableNoncontrollingInterest,NoncashOrPartNoncashAcquisitionNoncashFinancialOrEquityInstrumentConsiderationSharesIssued1,NoncontrollingInterestInNetIncomeLossJointVenturePartnersNonredeemable,NonoperatingIncomeExpense,NotesPayable,NotesPayableCurrent,OperatingExpenses,OperatingIncomeLoss,OperatingLeaseLiability,OperatingLeaseLiabilityCurrent,OperatingLeaseLiabilityNoncurrent,OperatingLeaseRightOfUseAsset,OperatingLeaseWeightedAverageDiscountRatePercent,OtherAssets,OtherAssetsCurrent,OtherNonoperatingExpense,OtherNonoperatingIncome,OtherNonoperatingIncomeExpense,PaymentsOfDividends,PaymentsToAcquirePropertyPlantAndEquipment,PreferredStockParOrStatedValuePerShare,PreferredStockSharesAuthorized,PreferredStockSharesIssued,PreferredStockSharesOutstanding,PreferredStockValue,PrepaidExpenseCurrent,ProceedsFromBankDebt,ProceedsFromCollectionOfFinanceReceivables,ProceedsFromConvertibleDebt,ProceedsFromIssuanceOfCommonStock,ProceedsFromIssuanceOrSaleOfEquity,ProceedsFromLeasePaymentSalesTypeAndDirectFinancingLeasesInvestingActivity,ProceedsFromNotesPayable,ProceedsFromPaymentsForOtherFinancingActivities,ProceedsFromRelatedPartyDebt,ProceedsFromRepaymentsOfRelatedPartyDebt,ProceedsFromShortTermDebt,ProfitLoss,PropertyPlantAndEquipmentGross,PropertyPlantAndEquipmentNet,RepaymentsOfBankDebt,RepaymentsOfOtherDebt,RepaymentsOfRelatedPartyDebt,RepaymentsOfShortTermDebt,RetainedEarningsAccumulatedDeficit,RevenueRemainingPerformanceObligationPercentage,Revenues,SelfInsuranceReserve,SharesOutstanding,ShortTermBorrowings,StockholdersEquity,StockholdersEquityIncludingPortionAttributableToNoncontrollingInterest,StockIssuedDuringPeriodSharesIssuedForServices,StockIssuedDuringPeriodSharesNewIssues,StockIssuedDuringPeriodSharesOther,StockIssuedDuringPeriodValueConversionOfConvertibleSecurities,StockIssuedDuringPeriodValueConversionOfConvertibleSecuritiesNetOfAdjustments,StockOptionPlanExpense,TemporaryEquityForeignCurrencyTranslationAdjustments,ValuationAllowanceDeferredTaxAssetChangeInAmount,WeightedAverageNumberOfShareOutstandingBasicAndDiluted
2008-08-31,2008-12-16,10-K,"VALUE EXCHANGE INTERNATIONAL, INC.",VEII,CIK0001417664,USD,,,,,,,,,,,,,,,,,,,,,,,,,,,,,,,,,,,,,,,,,,,,,,,,,,,,,,,,,,,,,,,,,,,,,,,,,,,,,,,,,,,,,,,,,,,,,,,,,,,,,,,,,,,,,,,,,,,,,,,,,,,,,,,,,,,,,,,,,,,,,,,,,,,,,,5968.0,,,,,,,,,,,,
2009-08-31,2009-12-15,10-K,"VALUE EXCHANGE INTERNATIONAL, INC.",VEII,CIK0001417664,USD,,,,,,,,,,,,,,,,,,,,,,,,,,,,,,,,,,,,,,,,,,,,,,,,,,,,,,,,,,,,,,,,,,,,,,,,,,,,,,,,,,,,,,,,,,,,,,,,,,,,,,,,,,,,,,,,,,,,,,,,,,,,,,,,,,,,,,,,,,,,,,,,,,,,,,-92336.0,,,,,,,3600.0,,,,,
2010-08-31,2011-01-13,10-K,"VALUE EXCHANGE INTERNATIONAL, INC.",VEII,CIK0001417664,USD,,,,,,,,,,,,,,,,,,,,10.0,,,,,,,,,,,,,,,,,,,,,,,,,,,,,,,,,,,,,,,,,,,,,,,,,,,,,,,,,,,,,,,,,,,,,,,,,,,,,,,,,,,,,,,,,,,,,,,,,,,,,,,,,,,,,,,,,,,,,,,,,,,,,,,,,,-186638.0,,,,169874.0,,,,,,,,
2010-11-30,2011-01-19,10-Q,"VALUE EXCHANGE INTERNATIONAL, INC.",VEII,CIK0001417664,USD,,,,,,,0.0,,,,,,,,,,,,,10.0,0.0,,,,,,,,,,,,,0.0,,,,,,,,,,,,,,,,,,,,,,,,43491.0,,,,,,,0.0,,43961.0,,,,,,,,,,470.0,0.0,,,,0.0,,,,,,,,,,,,,,,,0.0,,0.0,-43961.0,,,,,,,43491.0,,,,,,,,,,,,,,,,,,,,,,,0.0,,,0.0,,0.0,,,-43961.0,,,,,,,,,,,,,,,,,,,,,,,
2011-02-28,2011-04-19,10-Q,"VALUE EXCHANGE INTERNATIONAL, INC.",VEII,CIK0001417664,USD,,,,,,,,,,,,,,,,,,,,10.0,,,,,,,,,,,,,,,,,,,,,,,,,,,,,0.0,,,,0.0,,,-377.0,,92056.0,,,,,,,,,,,,,,,,,,,-222.0,,,,,,,,,,,,,,,,,,,,,,,,,,,,,,,92056.0,,,,,,,,,,,,,,,,,,,,,,,,,,,,,,,-92655.0,,,,,,,,,0.0,,,,,,,,,,,,,,
2011-05-31,2011-07-20,10-Q,"VALUE EXCHANGE INTERNATIONAL, INC.",VEII,CIK0001417664,USD,,,,,,,,,,,,,,,,,,,,1.0,,,,,,,,,,,,,,,,,,,,,,,,,,,,,0.0,,,,0.0,,,-47199.0,,57274.0,,,,,,,,,,,,,,,,,,,-325.0,,,,,,,,,,,,,,,,,,,,,,,,,,,,-47524.0,,,57274.0,-42275.0,,,,,,,,,,,,,,,,,,,,,,,,,,,,,,-89799.0,,,,,,,,,0.0,,,,,,,,,,,,,,
2011-08-31,2011-12-22,10-K,"VALUE EXCHANGE INTERNATIONAL, INC.",VEII,CIK0001417664,USD,97495.0,97495.0,95709.0,16128.0,,,0.0,328.0,,,1041600.0,,,0.0,,,,9.0,0.0,0.0,-10.0,,0.0,,100000000.0,12000000.0,12000000.0,120.0,,,,,,,,,,0.0,,294483.0,-294483.0,,,,-1160228.0,,4876.0,,-0.02,0.34,,,-66.0,,,-15868.0,,203996.0,,,,-231113.0,,0.0,0.0,5395.0,155975.0,,,,,,,,,,-1315.0,0.0,,,,,,,,,,,,118508.0,0.0,,,16128.0,,,,20110.0,,-20120.0,-231113.0,,,10000.0,,,,213930.0,-213930.0,,,,,,,,,,,,,0.0,100000000.0,0.0,0.0,0.0,,,,0.0,0.0,,,3982.0,,16128.0,,,-231113.0,,,,,,,,,0.0,,-118508.0,4876.0,-118508.0,,29150.0,,10000.0,,,29150.0,,73183.0,10191345.0
2011-11-30,2012-01-19,10-Q,"VALUE EXCHANGE INTERNATIONAL, INC.",VEII,CIK0001417664,USD,,,105196.0,,,,0.0,2082.0,,,1041000.0,,,0.0,,,,9.0,0.0,,0.0,,0.0,,100000000.0,72000000.0,72000000.0,720.0,,,,,,0.0,,,,,,,,,,,-1170011.0,,4876.0,,0.0,,,,0.0,,,0.0,,9487.0,,,,,,,0.0,,9783.0,,,,,,,,,,-296.0,0.0,,,,0.0,,,,,,,,128291.0,0.0,,,16128.0,,,,0.0,,0.0,-9783.0,,,,,,,9487.0,-9487.0,,,,,,,,,,-296.0,,,0.0,100000000.0,0.0,0.0,0.0,,,,0.0,0.0,,,0.0,,0.0,,,-9783.0,,,,,,,,,0.0,,,,-128291.0,,,,,,,0.0,,,12000030.0
2012-02-29,2012-04-23,10-Q,"VALUE EXCHANGE INTERNATIONAL, INC.",VEII,CIK0001417664,USD,153276.0,,,,,,,,,,1041000.0,,,0.0,,,,0.0,0.0,0.0,,,0.0,,100000000.0,72000000.0,72000000.0,720.0,,,,,,,,,,,,,,,,,-1224675.0,,4876.0,,0.0,,,,481.0,,,0.0,,53454.0,,,,,,,,,,,,,,,,,,,-729.0,,,,,,,,,,,,,182955.0,0.0,,,,,,,,,,,,,,,,,53935.0,,,,,,,,,,,,,,0.0,100000000.0,0.0,0.0,0.0,,,,,,,,,,,,,-54664.0,,,,,,,,,0.0,,,,-182955.0,,,,,,,,,,
2012-05-31,2012-07-16,10-Q,"VALUE EXCHANGE INTERNATIONAL, INC.",VEII,CIK0001417664,USD,,112095.0,,,,,,,,,1041000.0,,,0.0,,,,0.0,,0.0,,,0.0,,100000000.0,72000000.0,72000000.0,720.0,,,,,,,,,,,,,,,,,-1236494.0,,42376.0,,0.0,,,,0.0,,,0.0,,11051.0,,,,,,,,,,,,,,,,,,,-768.0,,,,,,,,,,,,,194774.0,0.0,,,,,,,,,,-11819.0,,,,-768.0,,,11051.0,-11051.0,,,,,,,,,,-768.0,,,0.0,100000000.0,0.0,0.0,0.0,,,,,,,,,,,,,-11819.0,,,,,,,,,0.0,,,,-194774.0,,,,,,,,,,12000030.0
2012-08-31,2013-11-29,10-K,"VALUE EXCHANGE INTERNATIONAL, INC.",VEII,CIK0001417664,USD,,128492.0,,43303.0,,,0.0,2568.0,,,1041600.0,,,0.0,,,,0.0,0.0,0.0,,,0.0,0.0,100000000.0,12000030.0,12000030.0,120.0,,,,,,,,,,0.0,,314456.0,-314456.0,,,,-1218391.0,,4876.0,,,,,,481.0,,,,,,,,,,,,,0.0,,,,,,,,,,,,,0.0,,,,,,,,,,,176671.0,0.0,,,,,,,0.0,,,,,0.0,0.0,,,4876.0,,,,,,,,,,,,,,,0.0,100000000.0,,,0.0,,,,0.0,0.0,,,0.0,,0.0,,,,,,,,,,-1218391.0,,,,-176671.0,4876.0,-176671.0,-176671.0,,,,,,0.0,,,
2012-11-30,2014-04-17,10-Q,"VALUE EXCHANGE INTERNATIONAL, INC.",VEII,CIK0001417664,USD,,,,,,,0.0,,,,,,,0.0,,,,,,,0.0,,,,,,,,,,,,,,,,,,,,,,,,-1184910.0,,,,0.0,,,,0.0,,,0.0,,8278.0,,,,,,,0.0,,9263.0,,,,,,,,,,-985.0,0.0,,,,,,,,,,,,,,,,,,,,0.0,,0.0,33481.0,,,,,,,8278.0,-8278.0,,,,,,,,,,41759.0,,,,,,,,,,,0.0,0.0,,,0.0,,0.0,,,33481.0,,,,,,,,,0.0,,,,,,,,,,,0.0,,,12000030.0
2013-02-28,2014-04-17,10-Q,"VALUE EXCHANGE INTERNATIONAL, INC.",VEII,CIK0001417664,USD,,121235.0,,43303.0,,,,4285.0,,,1041600.0,,,0.0,,,,,0.0,0.0,,,0.0,,100000000.0,12000000.0,12000000.0,120.0,,,,,,,,,,,,,,,,,-1211134.0,,4876.0,,0.0,,,,1539.0,,,0.0,,23711.0,,,,,,,,,,,,,,,,,,,-974.0,,,,,,,,,,,,,169414.0,0.0,,,,,,,,,,-26224.0,,,,,,,25250.0,-25250.0,,,,,,,,,,-974.0,,,0.0,100000000.0,,,0.0,,,,,,,,,,,,,,,,,,,,1211134.0,,0.0,,,4876.0,-169414.0,,,,,,,,,,12000030.0
2013-05-31,2014-05-08,10-Q,"VALUE EXCHANGE INTERNATIONAL, INC.",VEII,CIK0001417664,USD,,136748.0,,45856.0,,,,5160.0,,,1041600.0,,,0.0,,,,,0.0,0.0,,,0.0,,100000000.0,12000030.0,12000030.0,120.0,,,,,,,,,,,,,,,,,-1229200.0,,,,0.0,,,,174.0,,,0.0,,16895.0,,,,,,,,,,,,,,,,,,,-997.0,,,,,,,,,,,,,187480.0,0.0,,,,,,,,,,0.0,,,,,,4876.0,17069.0,-17069.0,,,,,,,,,,-997.0,,,0.0,100000000.0,,,0.0,,,,,,,,,,,,,,,,,,,,1229200.0,,0.0,,,4876.0,-187480.0,,,,,,,,,,12000030.0
2013-08-31,2014-12-12,10-K,"VALUE EXCHANGE INTERNATIONAL, INC.",VEII,CIK0001417664,USD,,181079.0,,28890.0,,,,6236.0,,,1273486.0,,,0.0,,,,,,0.0,,,0.0,-210826.0,100000000.0,13566930.0,13566930.0,136.0,,,,,,,,,,0.0,,334601.0,-334601.0,,,,,,4876.0,,,,,,,,,,,,,,,,,,,,,,,,,,,,,,,,,,,,,,,,,,,214845.0,0.0,,,,,,,,,,,,21076.0,,,4876.0,,,,,,,,,,,,,,,,0.0,100000000.0,,,0.0,0.0,,,,,,,,,,,,,,,,,,,-1277641.0,,,,-214845.0,4876.0,-214845.0,-214845.0,,,,,,,,,
2013-11-30,2015-01-20,10-Q,"VALUE EXCHANGE INTERNATIONAL, INC.",VEII,CIK0001417664,USD,,,,,,,,,,,,,,4500.0,,,,,,,0.0,,,,,,,,,,,,,,,,,,,,,,,,,,,,-0.01,,,,,,,-124662.0,,25744.0,,,,,,,0.0,,22146.0,,,,,,,,,,-745.0,0.0,,,,,,,,,,,,,,,,,,,,,,0.0,-151256.0,,,,,4876.0,,25849.0,-25849.0,,,,,,,,,,,,,,,,,,4500.0,,,,,,,,,,,,-151256.0,,,,,,,,,0.0,,,,,,,,,,,,,,13808688.0
2018-12-31,2019-04-01,10-K,"VALUE EXCHANGE INTERNATIONAL, INC.",VEII,CIK0001417664,USD,,,,,,,,,,,,,,,,,,,,729069.0,,,,,,,,,,,,,,,,,,,,,,,,,,,,,,,,,,,,,,,,,,,,,,,,,,,,,,,,,,,,,,,,,,,,,,,,,,,,,,,,,,,,,,,,,,,,,,,,,,,,,,,,,,,,,,,,,,,,,,,,,,,,,,,,,,,,,918190.0,,,,,,,,,
2019-09-30,2019-11-14,10-Q,"VALUE EXCHANGE INTERNATIONAL, INC.",VEII,CIK0001417664,USD,,,,,,,,,,,,,,,,,,,,164618.0,,,,,,,,,,,,,,,,,,,,,,,,,,,,,,,,,,,,,,,,,,,,,,,,,,,,,,,,,,,,,,,,,,,,,,,,,,,,,,,,,,,,,,,,,,,,,,,,,,,,,,,,,,,,,,,,,,,,,,,,,,,,,,,,2065642.0,,,,,,,,,,,,,,
2019-12-31,2020-05-15,10-K,"VALUE EXCHANGE INTERNATIONAL, INC.",VEII,CIK0001417664,USD,,,685150.0,,777348.0,773560.0,,553259.0,438485.0,60742.0,690589.0,66880.0,3788.0,3460133.0,2019220.0,1440913.0,,,,234089.0,-494980.0,,0.0,,100000000.0,29656130.0,29656130.0,297.0,154727.0,-22739.0,131988.0,6542407.0,,,,-35682.0,255749.0,,56045.0,,,,140635.0,156563.0,,534806.0,32909.0,,0.0,,82133.0,,,8384.0,-800.0,,20508.0,1894419.0,206812.0,1766722.0,64851.0,,,11416.0,-33620.0,,,-19758.0,198520.0,-72320.0,-315792.0,-24232.0,78988.0,-84305.0,108390.0,0.0,10410.0,,,219592.0,505.0,,,881271.0,0.0,31302.0,137839.0,344461.0,367669.0,2376354.0,3460133.0,1897713.0,478641.0,,0.0,11413.0,34851.0,17892.0,-89241.0,-505764.0,53435.0,53435.0,,,184164.0,,,1886035.0,-119313.0,835601.0,356960.0,478641.0,824230.0,,42032.0,257173.0,0.0,154870.0,30062.0,,89746.0,0.0,100000000.0,0.0,0.0,0.0,,,,,,,505.0,,11371.0,34851.0,,13686.0,53435.0,792311.0,353826.0,,8039.0,32051.0,1926.0,308813.0,,8309129.0,11925.0,,13686.0,1072366.0,1083779.0,,,,,,,78553.0,,29656130.0
2020-03-31,2020-05-18,10-Q,"VALUE EXCHANGE INTERNATIONAL, INC.",VEII,CIK0001417664,USD,,,,,,,,,,,,99613.0,,,,,,,,480861.0,246772.0,,,,,,,,125512.0,-3799.0,121713.0,7714755.0,,,,2136.0,,,,,,,,38770.0,,,,,0.0,,-116256.0,,,4221.0,,,43942.0,438891.0,,488156.0,130330.0,,,-6138.0,6138.0,,,830190.0,-206673.0,894440.0,-9150.0,0.0,2524.0,-62616.0,-16225.0,,,,,,115.0,,,,,,,,,,,,,,,,7012.0,3507.0,-1709.0,361230.0,136468.0,136468.0,,,76844.0,,,,53486.0,,,,,,,,0.0,7547.0,28745.0,,1824.0,,,,,,,,,,,,115.0,,-3505.0,7012.0,,,136468.0,,,,,,0.0,,,8202911.0,,,,,1211936.0,,,,,0.0,,-14755.0,,29656130.0
2020-06-30,2020-08-19,10-Q,"VALUE EXCHANGE INTERNATIONAL, INC.",VEII,CIK0001417664,USD,,,,,,,,,,,,,,,,,,,,796238.0,,,,,,,,,-81879.0,-5784.0,-87663.0,3994147.0,,,,,,,,,,,,,,,,,0.0,,,,,-845.0,,,28602.0,419250.0,,239616.0,-79748.0,,,,,,,,,,,,,,,,1967.0,,,,224.0,,,,,,,,,,,,,,,,,,,,-79748.0,,,,100731.0,,,,-180479.0,,,,,,,,,70899.0,5745.0,,,,,,,,,,,,,,,,,,,,,,,,,,,,,4233763.0,,,,,,,,,,,,-7915.0,,29656130.0
2020-09-30,2020-11-13,10-Q,"VALUE EXCHANGE INTERNATIONAL, INC.",VEII,CIK0001417664,USD,,,1139484.0,,846728.0,842865.0,,650823.0,511223.0,67512.0,690589.0,,3863.0,4474860.0,3615828.0,859032.0,,,,808668.0,,,0.0,,100000000.0,29656130.0,29656130.0,297.0,271736.0,6153.0,277889.0,4005748.0,,,,,895491.0,,53870.0,,,,165484.0,,,1211836.0,40409.0,,0.01,,,,,-24030.0,,,38198.0,437258.0,206812.0,635288.0,250187.0,,,1738.0,,,,,,,,,,,,,7821.0,,,229170.0,207.0,,,224070.0,0.0,0.0,0.0,56576.0,167494.0,3057575.0,4474860.0,3001559.0,56016.0,,,29528.0,,,,,248449.0,,,,76187.0,,,,174000.0,219550.0,238330.0,56016.0,214768.0,,357805.0,523289.0,,37856.0,10295.0,,,0.0,100000000.0,0.0,0.0,0.0,,,,,,,,,,,,,,894805.0,383582.0,,,,,617692.0,,4641036.0,11667.0,,0.0,1387757.0,1417285.0,,,,,,,29440.0,,29656130.0
2020-12-31,2021-03-31,10-K,"VALUE EXCHANGE INTERNATIONAL, INC.",VEII,CIK0001417664,USD,,,1038518.0,,603689.0,599436.0,,831817.0,542150.0,97944.0,690589.0,361796.0,4253.0,4339299.0,3118728.0,1220571.0,,,,523337.0,289248.0,,1e-05,,100000000.0,36156130.0,29656130.0,297.0,142614.0,92.0,142706.0,18497409.0,4533.0,,101823.0,-15636.0,254937.0,,71681.0,,,,299790.0,193390.0,,1343466.0,263063.0,263063.0,0.0,,21720.0,,,-58281.0,-3213.0,,111559.0,1869455.0,206812.0,2054062.0,126231.0,,,20727.0,-7468.0,,,353368.0,-174124.0,808660.0,-812.0,230154.0,18555.0,278558.0,157169.0,0.0,15162.0,,,238147.0,5517.0,,,600623.0,0.0,0.0,95772.0,187971.0,316880.0,3070956.0,4339299.0,2730896.0,340060.0,,62949.0,53453.0,25497.0,-311549.0,-145345.0,724422.0,105504.0,105504.0,,,-95.0,,,1927736.0,126326.0,580798.0,303687.0,277111.0,585057.0,,114552.0,414342.0,15502.0,154315.0,44779.0,,150862.0,1e-05,100000000.0,0.0,0.0,0.0,,,,,,,5517.0,,-410020.0,25497.0,,120238.0,105504.0,899171.0,357021.0,,15162.0,0.0,32102.0,414225.0,,20551471.0,11835.0,,38874.0,1214890.0,1268343.0,,,,,,,37202.0,,29656130.0
2021-03-31,2021-05-17,10-Q,"VALUE EXCHANGE INTERNATIONAL, INC.",VEII,CIK0001417664,USD,,,572788.0,,1285191.0,1285191.0,,680117.0,576882.0,92509.0,690589.0,90515.0,0.0,4578156.0,3450215.0,1127941.0,,,,253533.0,-269804.0,,1e-05,,100000000.0,29656130.0,29656130.0,297.0,370418.0,758.0,371176.0,1466232.0,,,,19648.0,815532.0,,52033.0,,,,332606.0,33663.0,,1254587.0,215893.0,215893.0,0.01,,-6025.0,,,2719.0,,,2213.0,434878.0,206812.0,737540.0,380508.0,,,3897.0,-3897.0,,,-465730.0,685755.0,-88879.0,560595.0,-47170.0,6400.0,-151700.0,-1985.0,,,,,244547.0,165.0,,,561628.0,0.0,0.0,81064.0,167011.0,313553.0,2920387.0,4578156.0,2625283.0,295104.0,,52613.0,72461.0,18600.0,-80312.0,-2751.0,-180716.0,376611.0,376611.0,,,75127.0,,,,305381.0,544102.0,301611.0,242491.0,550846.0,,79751.0,412357.0,4308.0,46326.0,30731.0,,2916.0,1e-05,100000000.0,0.0,0.0,0.0,,,,,,,165.0,,-89368.0,18600.0,,,376611.0,895132.0,318250.0,,,,9544.0,790078.0,,2203772.0,11835.0,,39342.0,1585308.0,1657769.0,,,,,0.0,,-5435.0,,29656130.0
2021-06-30,2021-08-16,10-Q,"VALUE EXCHANGE INTERNATIONAL, INC.",VEII,CIK0001417664,USD,,,713730.0,,774987.0,774987.0,,744163.0,614634.0,-6705.0,1340524.0,,0.0,4608569.0,3559798.0,1048771.0,,,,519698.0,,,1e-05,,100000000.0,36156130.0,29656130.0,362.0,-159974.0,9873.0,-150101.0,1818946.0,38959.0,,82056.0,,258151.0,,54503.0,,,2469.0,279508.0,,,1549747.0,177396.0,177396.0,0.0,,,,,-16297.0,,,26017.0,659896.0,206812.0,571049.0,-48423.0,,,2464.0,,,,,,,,,,,,,,,,292707.0,226.0,,,484594.0,,,49720.0,145647.0,289227.0,2448547.0,4608569.0,2212474.0,236073.0,,42241.0,84688.0,,,,,-50887.0,,,,56721.0,,,,-105144.0,470582.0,279219.0,191363.0,476883.0,0.03,143151.0,,,54170.0,-19637.0,,,1e-05,100000000.0,0.0,0.0,,,,,,,,,,,,,,,925207.0,310573.0,,,,,729318.0,0.25,2389995.0,11835.0,,39815.0,2075334.0,2160022.0,,,,,,,-99214.0,,35361686.0
2021-09-30,2021-11-15,10-Q,"VALUE EXCHANGE INTERNATIONAL, INC.",VEII,CIK0001417664,USD,,,616145.0,,636392.0,636392.0,,,633860.0,-25111.0,1340524.0,,0.0,4339826.0,3407378.0,932448.0,,,,370769.0,,,1e-05,,100000000.0,36156130.0,29656130.0,362.0,216541.0,15983.0,232524.0,2224718.0,32571.0,,72122.0,,227500.0,,51503.0,,,2333.0,283507.0,,,1798898.0,67030.0,67030.0,0.01,,,,,7516.0,,,981.0,483767.0,206812.0,660052.0,251092.0,,,162.0,,,,,,,,,,,,,,,,257368.0,189.0,,,397994.0,,,15882.0,130991.0,251121.0,2129245.0,4339826.0,1950851.0,178394.0,,31830.0,99587.0,,,,,250930.0,,,,67291.0,,,,183801.0,387514.0,243283.0,144231.0,393160.0,0.03,60444.0,,,63275.0,6016.0,,,1e-05,100000000.0,0.0,0.0,,,,,,,,,,,,,,,914833.0,280973.0,,,,,783384.0,0.25,2884770.0,11835.0,,40292.0,2110994.0,,,,,,,,-18406.0,,36156130.0
