end,filed,form,Name,Ticker,CIK,Currency,AccountsAndNotesReceivableNet,AccountsPayableAndAccruedLiabilities,AccountsPayableAndAccruedLiabilitiesCurrent,AccountsPayableAndAccruedLiabilitiesNoncurrent,AccountsPayableCurrent,AccountsPayableRelatedParties,AccountsPayableRelatedPartiesCurrent,AccountsReceivableNet,AccountsReceivableNetCurrent,AccountsReceivableRelatedPartiesCurrent,AccruedPayrollTaxes,AccruedPayrollTaxesCurrent,AccumulatedDepreciationDepletionAndAmortizationPropertyPlantAndEquipment,AcquiredFiniteLivedIntangibleAssetResidualValue,AdditionalPaidInCapital,AdjustmentForAmortization,AdjustmentsToAdditionalPaidInCapitalOther,AllowanceForDoubtfulAccountsReceivable,AntidilutiveSecuritiesExcludedFromComputationOfEarningsPerShareAmount,AssetImpairmentCharges,Assets,AssetsCurrent,AssetsNoncurrent,AssetsOfDisposalGroupIncludingDiscontinuedOperation,BankOverdrafts,BusinessCombinationRecognizedIdentifiableAssetsAcquiredAndLiabilitiesAssumedCurrentLiabilitiesLongTermDebt,CapitalExpenditureDiscontinuedOperations,Cash,CashAndCashEquivalentsAtCarryingValue,CashAndCashEquivalentsPeriodIncreaseDecrease,CashPeriodIncreaseDecrease,CommonStockParOrStatedValuePerShare,CommonStockSharesAuthorized,CommonStockSharesIssued,CommonStockSharesOutstanding,CommonStockSharesSubscriptions,CommonStockValue,CostOfGoodsAndServicesSold,CostOfGoodsSold,CostOfMerchandiseSalesBuyingAndOccupancyCosts,CustomerDepositsCurrent,DebtCurrent,DebtDefaultLongtermDebtAmount,DebtDefaultShorttermDebtAmount,DeferredTaxAssetsNet,DeferredTaxAssetsOperatingLossCarryforwards,DeferredTaxAssetsValuationAllowance,DepositLiabilitiesAccruedInterest,DepositsAssets,Depreciation,DepreciationAndAmortization,DepreciationDepletionAndAmortization,DiscontinuedOperationGainLossFromDisposalOfDiscontinuedOperationBeforeIncomeTax,DiscontinuedOperationIncomeLossFromDiscontinuedOperationBeforeIncomeTax,DisposalGroupDeferredGainOnDisposal,DueFromOfficersOrStockholdersCurrent,DueToOfficersOrStockholders,DueToOfficersOrStockholdersCurrent,EarningsPerShareBasicAndDiluted,EmployeeRelatedLiabilitiesCurrent,EquipmentExpense,FiniteLivedIntangibleAssetsAccumulatedAmortization,FiniteLivedIntangibleAssetsGross,FiniteLivedIntangibleAssetsNet,FreightCosts,FurnitureAndFixturesGross,GeneralAndAdministrativeExpense,Goodwill,GoodwillImpairmentLoss,GrossProfit,ImpairmentOfIntangibleAssetsFinitelived,IncomeLossFromContinuingOperations,IncomeLossFromContinuingOperationsBeforeIncomeTaxesExtraordinaryItemsNoncontrollingInterest,IncomeLossFromContinuingOperationsBeforeInterestExpenseInterestIncomeIncomeTaxesExtraordinaryItemsNoncontrollingInterestsNet,IncomeLossFromContinuingOperationsPerBasicAndDilutedShare,IncomeLossFromDiscontinuedOperationsNetOfTax,IncomeLossFromDiscontinuedOperationsNetOfTaxPerBasicAndDilutedShare,IncomeTaxesPaid,IncomeTaxesPaidNet,IncreaseDecreaseInAccountsPayableAndAccruedLiabilities,IncreaseDecreaseInAccountsReceivable,IncreaseDecreaseInAccruedInterestReceivableNet,IncreaseDecreaseInAccruedSalaries,IncreaseDecreaseInBookOverdrafts,IncreaseDecreaseInCustomerDeposits,IncreaseDecreaseInDueToOfficersAndStockholders,IncreaseDecreaseInEmployeeRelatedLiabilities,IncreaseDecreaseInIntangibleAssetsCurrent,IncreaseDecreaseInInterestPayableNet,IncreaseDecreaseInInventories,IncreaseDecreaseInNotesReceivableCurrent,IncreaseDecreaseInOtherAccountsPayable,IncreaseDecreaseInOtherOperatingAssets,IncreaseDecreaseInOtherReceivables,IncreaseDecreaseInPrepaidExpense,IntangibleAssetsNetExcludingGoodwill,InterestAndDividendIncomeOperating,InterestAndOtherIncome,InterestExpense,InterestPaid,InterestPaidNet,InterestPayableCurrent,InventoryAdjustments,InventoryAmountUnpricedChangeOrdersForLongTermContractsOrPrograms,InventoryFinishedGoods,InventoryFinishedGoodsAndWorkInProcess,InventoryForLongTermContractsOrPrograms,InventoryGross,InventoryLIFOReservePeriodCharge,InventoryNet,InventoryRawMaterials,InventoryRawMaterialsAndSupplies,InventoryWorkInProcess,LaborAndRelatedExpense,LeaseAndRentalExpense,Liabilities,LiabilitiesAndStockholdersEquity,LiabilitiesCurrent,LiabilitiesNoncurrent,LiabilitiesOfDisposalGroupIncludingDiscontinuedOperationCurrent,LiabilitiesOfDisposalGroupIncludingDiscontinuedOperationNoncurrent,LongTermDebtCurrent,MachineryAndEquipmentGross,NetCashProvidedByUsedInContinuingOperations,NetCashProvidedByUsedInDiscontinuedOperations,NetCashProvidedByUsedInFinancingActivities,NetCashProvidedByUsedInFinancingActivitiesContinuingOperations,NetCashProvidedByUsedInInvestingActivities,NetCashProvidedByUsedInInvestingActivitiesContinuingOperations,NetCashProvidedByUsedInOperatingActivities,NetCashProvidedByUsedInOperatingActivitiesContinuingOperations,NetIncomeLoss,NotesAndLoansPayable,NotesAndLoansReceivableNetCurrent,NotesPayableCurrent,NotesPayableRelatedPartiesClassifiedCurrent,OccupancyCosts,OperatingIncomeLoss,OperatingLossCarryforwards,OtherAssets,OtherAssetsCurrent,OtherGeneralAndAdministrativeExpense,OtherIncome,OtherInventorySupplies,OtherNonoperatingIncomeExpense,PaymentsForLoans,PaymentsForProceedsFromLoansReceivable,PaymentsToAcquireEquipmentOnLease,PaymentsToAcquireNotesReceivable,PaymentsToAcquireOtherProductiveAssets,PaymentsToAcquireProductiveAssets,PaymentsToAcquirePropertyPlantAndEquipment,PreconfirmationRetainedEarningsDeficit,PreferredStockParOrStatedValuePerShare,PreferredStockSharesAuthorized,PreferredStockSharesIssued,PreferredStockSharesOutstanding,PreferredStockValue,PrepaidExpense,ProceedsFromIssuanceOfCommonStock,ProceedsFromIssuanceOrSaleOfEquity,ProceedsFromLoans,ProceedsFromNotesPayable,ProceedsFromOtherShortTermDebt,ProceedsFromPaymentsForLongTermLoansForRelatedParties,ProceedsFromRepaymentsOfRelatedPartyDebt,ProceedsFromShortTermDebt,ProfessionalFees,ProfitLoss,PropertyPlantAndEquipmentNet,PropertyPlantAndEquipmentOther,ProvisionForDoubtfulAccounts,ReceivableWithImputedInterestEffectiveYieldInterestRate,RepaymentsOfDebt,RepaymentsOfRelatedPartyDebt,RepaymentsOfShortTermDebt,RetainedEarningsAccumulatedDeficit,Revenues,SalariesAndWages,SecuredDebtCurrent,SellingExpense,SellingGeneralAndAdministrativeExpense,ShortTermBorrowings,StockholdersEquity,StockIssuedDuringPeriodValueAcquisitions,StockIssuedDuringPeriodValueNewIssues,UnrecognizedTaxBenefitsResultingInNetOperatingLossCarryforward,WeightedAverageNumberOfShareOutstandingBasicAndDiluted,WeightedAverageNumberOfSharesOutstandingBasic
2012-02-29,2012-09-26,10-Q,"SIBANNAC, INC.",SNNC,CIK0001313938,USD,,56790.0,,,,95319.0,,64055.0,,,124.0,,,,131260.0,,,,,,249113.0,201323.0,,,10089.0,,,,10549.0,,,0.001,60000000.0,4990000.0,4990000.0,,4990.0,,12329.0,31656.0,3733.0,,,,,,,27518.0,10159.0,,,,,,,,169485.0,,-0.01,,,,,,3375.0,,67522.0,,,28867.0,,,,-41639.0,,,,,,,,,,,,,,,,,,,,,,,,,-3961.0,,,,,,,,,,,120219.0,,,,,,,249113.0,363058.0,,,,,,,,,,,,,,-45600.0,,,,,31656.0,,,,,21920.0,,,,,,,,,,,,0.001,10000000.0,0.0,0.0,,6500.0,,,,,,,,,,,37631.0,,,,,,,-250195.0,41196.0,10571.0,,6359.0,70506.0,,-113945.0,,,,,4990000.0
2012-05-31,2012-09-27,10-Q,"SIBANNAC, INC.",SNNC,CIK0001313938,USD,,84101.0,,,,95319.0,,63636.0,,,-158.0,,,,131260.0,,,,,,244087.0,199698.0,,,821.0,,,,,,,0.001,60000000.0,4990000.0,4990000.0,,4990.0,,6695.0,31625.0,3733.0,,,,,,,29714.0,10159.0,,,,,,,,162135.0,,0.0,,,,,,2095.0,,53873.0,,,39826.0,,,,-19231.0,,,,,,,,,,,,,,,,,,,,,,,,,-3264.0,,,,,,,,,,,128879.0,,,,,,,244087.0,375665.0,,,,,,,,,,,,,,-22495.0,,,,,31625.0,,,,,16907.0,,,,,,,,,,,,0.001,10000000.0,0.0,0.0,,7183.0,,,,,,,,,500.0,,34230.0,,,,,,,-267828.0,46521.0,2746.0,,5184.0,59057.0,,-131578.0,,,,,4990000.0
2012-08-31,2013-05-16,10-K,"SIBANNAC, INC.",SNNC,CIK0001313938,USD,,98021.0,98021.0,,,124523.0,124523.0,11396.0,,,1484.0,1484.0,-47248.0,,131260.0,,,,,,180809.0,44764.0,,,,,,,648.0,-15078.0,,0.001,60000000.0,4990000.0,4990000.0,,4990.0,,60561.0,,,,,,0.0,168000.0,-168000.0,33795.0,,-13638.0,,,,,,,206542.0,206542.0,-0.05,,-675.0,,,,,10819.0,417140.0,,,227483.0,,,,-221274.0,,,,,,-34675.0,38011.0,12578.0,12434.0,,2104.0,,,,,-1633.0,,,,,,,,,12834.0,,,,-9960.0,-9960.0,3909.0,128043.0,85363.0,118083.0,-9960.0,32720.0,68698.0,55110.0,326.0,,,464365.0,180809.0,,,,,,48152.0,,,127014.0,,-675.0,,-141417.0,,-234108.0,,,,,134960.0,,,10159.0,,194872.0,,,,,,,,,,,,0.001,10000000.0,0.0,0.0,,,,,,,,97810.0,29204.0,,,,40523.0,28800.0,,,,,,-419806.0,288044.0,87308.0,,31617.0,,,-283556.0,,,125000.0,,4990000.0
2012-11-30,2013-05-30,10-Q,"SIBANNAC, INC.",SNNC,CIK0001313938,USD,,123995.0,,,,124523.0,,12177.0,,,1092.0,,-50683.0,,131260.0,,,,,,197430.0,150183.0,,,,,,,13237.0,12589.0,,0.001,60000000.0,4990000.0,4990000.0,,4990.0,,12331.0,,,,,,,441000.0,,37927.0,,-3435.0,,,,,,,205505.0,,0.0,,,,,,,10819.0,63439.0,,,58243.0,,,,-7134.0,,,,,,-25974.0,-781.0,4132.0,392.0,,,,,,,-6686.0,,,,,,,,,4922.0,,,,,-9960.0,512.0,,,,,124769.0,133891.0,,326.0,,,493042.0,197430.0,,,,,,48152.0,,,-1037.0,,,,13626.0,,-12056.0,,,,,33306.0,,,10159.0,,28045.0,,,,,,,,,,,,0.001,10000000.0,0.0,0.0,,,,,,,,,,,,,37088.0,28800.0,,,1037.0,1037.0,,-431862.0,70574.0,2088.0,,1938.0,65377.0,,-295612.0,,,,,4990000.0
2013-02-28,2013-06-21,10-Q,"SIBANNAC, INC.",SNNC,CIK0001313938,USD,,,120097.0,,,,137127.0,13513.0,,,,1277.0,,,131260.0,,,,,,191112.0,147300.0,,,,,,,16700.0,,,0.001,60000000.0,4990000.0,4990000.0,,4990.0,,11542.0,,7335.0,,,,,,,41262.0,,,,,,,,,,210695.0,-0.01,,,,,,,,63482.0,,,36385.0,,,,-27097.0,,,,,,,,,,,,,,,,,,,,,,,,,-3972.0,,,,,,,,,,,117087.0,,,,,,517793.0,191112.0,,,,,,,,,,,,,,,-31069.0,,,,,33306.0,,,10159.0,,20190.0,,,,,,,,,,,,0.001,10000000.0,0.0,0.0,,,,,,,,,,,,,33653.0,,,,,,,-462931.0,47927.0,2255.0,,7731.0,63482.0,,-326681.0,,,,,4990000.0
2013-05-31,2013-07-15,10-Q,"SIBANNAC, INC.",SNNC,CIK0001313938,USD,,,153975.0,,,,124101.0,27713.0,,,,1535.0,,,131260.0,,,,,,191509.0,151132.0,,,,,,,11102.0,,,0.001,60000000.0,4990000.0,4990000.0,,4990.0,,15238.0,,7335.0,,,,,,,41262.0,,,,,,,,,,209914.0,-0.01,,,,,,2819.0,,51121.0,,,22675.0,,,,-28692.0,,,,,,,,,,,,,,,,,,,,,,,,,630.0,,,,,,,,,,,112317.0,,,,,,538122.0,191509.0,,,,,,,,,,,,,,,-29322.0,,,,,33880.0,,,10159.0,,14439.0,,,,,,,,,,,,0.001,10000000.0,0.0,0.0,,,,,,,,,,,3000.0,,30218.0,,,,,,,-482863.0,37913.0,2802.0,,246.0,51367.0,,-346613.0,,,,,4990000.0
2013-08-31,2014-01-13,10-K,"SIBANNAC, INC.",SNNC,CIK0001313938,USD,,,239757.0,,,,139586.0,22431.0,22431.0,139586.0,,1783.0,,,131260.0,,,,,,201548.0,45896.0,,,,,,3542.0,3542.0,2894.0,,0.001,60000000.0,4990000.0,4990000.0,,4990.0,,23217.0,,2319.0,,,,0.0,235000.0,-235000.0,52517.0,,-14564.0,,,,,,216737.0,,216737.0,-0.03,,,,,,,,310472.0,,,184099.0,,,,-145400.0,,,,,,-141093.0,-11035.0,18722.0,-942.0,,-2319.0,,,,,-21374.0,,,,,,,,,22195.0,,,,-9960.0,,17526.0,149417.0,119534.0,149417.0,,19923.0,56664.0,59072.0,3246.0,,,652699.0,201548.0,,,,,,,,,25258.0,,,,-22364.0,,-167595.0,,,,,146746.0,,,10159.0,,154029.0,,59072.0,,,,,,,,,,0.001,10000000.0,0.0,0.0,0.0,,,,10195.0,,,10195.0,15063.0,,,,25959.0,,,,,,,-587401.0,207316.0,9697.0,,19027.0,,,-451151.0,,,545000.0,4990000.0,4990000.0
2013-11-30,2014-01-14,10-Q,"SIBANNAC, INC.",SNNC,CIK0001313938,USD,,,254748.0,,,,139586.0,11770.0,,,,2011.0,,,131260.0,,,,,,149330.0,35921.0,,,,,,,4489.0,947.0,,0.001,60000000.0,4990000.0,4990000.0,,4990.0,,47999.0,,1250.0,,,,,,,56595.0,,-1358.0,,,,,,204569.0,,204569.0,-0.01,,,,,,,,70082.0,,,18563.0,,,,-54167.0,,-58278.0,,,,-14991.0,10660.0,4078.0,-228.0,,1069.0,,,,,41147.0,,,,,,,,,4111.0,,,,,,,,78648.0,,,19662.0,,,,,,658759.0,149330.0,,,,,,,,,-12168.0,,,,13115.0,,-58278.0,,,,,34167.0,,,10160.0,,33299.0,,,,12168.0,,,,,,,,0.001,10000000.0,0.0,0.0,,,,,,,,,,,,,24601.0,,,,,12168.0,,-645679.0,66562.0,2616.0,,2648.0,,,-509429.0,,,,4990000.0,4990000.0
2014-02-28,2014-04-10,10-Q,"SIBANNAC, INC.",SNNC,CIK0001313938,USD,,,321752.0,,,,139308.0,,13803.0,139308.0,,2253.0,,,131260.0,,,,,,145475.0,39350.0,,,,,,6796.0,6796.0,,,0.001,60000000.0,4990000.0,4990000.0,,4990.0,6996.0,6996.0,,1250.0,,,,,,,43761.0,,,,,,,,,,202212.0,-0.01,,,,,,,,82202.0,,,22204.0,,,-59998.0,-59998.0,,,,,,,,,,,,,,,,,,,,,,,,,3793.0,,,,,,,,75006.0,,,18751.0,,,,2761.0,34167.0,710536.0,145475.0,,,,,,,,,,,,,,,-63791.0,,,,,34167.0,,,10159.0,,43010.0,,,,,,,,,,,-701311.0,0.001,10000000.0,0.0,0.0,0.0,,,,,,,,,,,,20960.0,,,,,,,-701311.0,29200.0,2761.0,,2264.0,,,-565061.0,,,,4990000.0,4990000.0
2014-05-31,2014-07-01,10-Q,"SIBANNAC, INC.",SNNC,CIK0001313938,USD,,,356583.0,,,,139308.0,,39140.0,,,2108.0,,,131260.0,,,,,,166483.0,67830.0,,,,,,10896.0,10896.0,,,0.001,60000000.0,4990000.0,4990000.0,,4990.0,9699.0,9699.0,,1250.0,,,,,,,43761.0,,,,,,,,,,202101.0,0.0,,,,,,,,55073.0,,,56392.0,,,-1342.0,,,,,,,,,,,,,,,,,,,,,,,,0.0,,4112.0,,,,,,,,71175.0,,,17794.0,,,,2537.0,34509.0,745111.0,166483.0,,,,,,,,,,,,,,,-5454.0,,,,,34509.0,,,10159.0,,18027.0,,,,,,,,,,,,0.001,10000000.0,0.0,0.0,0.0,,,,,,,,,,,,17319.0,,,,,,,-714878.0,66091.0,2537.0,,2661.0,,,-578628.0,,,,4990000.0,4990000.0
2014-08-31,2015-01-16,10-K,"SIBANNAC, INC.",SNNC,CIK0001313938,USD,0.0,,72348.0,0.0,,,,,0.0,,,2476.0,,,791335.0,,657112.0,,,,63000.0,63000.0,0.0,,,,,63000.0,63000.0,59458.0,59458.0,0.001,60000000.0,2027000.0,2027000.0,63000.0,2027.0,0.0,,,,,,,0.0,277000.0,277000.0,,,,,,,657112.0,657112.0,,,,0.06,2476.0,,,,,,,69837.0,,0.0,0.0,,,,-69837.0,,-210948.0,,,0.0,66133.0,,,-162.0,,0.0,,162.0,,,,,0.0,,,,0.0,,0.0,,,0.0,,,,,,,,,,,,,0.0,0.0,137824.0,63000.0,137824.0,0.0,,,,,,,,0.0,,0.0,59458.0,59458.0,-280785.0,,0.0,,,,,644000.0,,,69837.0,,,,,0.0,,,,,,,0.001,10000000.0,0.0,0.0,0.0,,,0.0,,,,,,,,-69837.0,,,,,,,,-868186.0,0.0,,,0.0,,,-74824.0,,,,4941458.0,
2014-11-30,2015-01-20,10-Q,"SIBANNAC, INC.",SNNC,CIK0001313938,USD,,,30370.0,,,,,,,,,2476.0,,,944171.0,0.0,,,,,116522.0,116522.0,,,,,,116522.0,116522.0,53522.0,53522.0,0.001,60000000.0,15201600.0,15201600.0,,15191.0,0.0,,,,,,,,,,,,,0.0,,,,,,,,0.0,,,,,,,,7500.0,,0.0,0.0,,,,-7500.0,,,,,0.0,-41978.0,0.0,,,,0.0,,0.0,,,,,0.0,0.0,63000.0,,,,0.0,0.0,,0.0,,,,,,,,,,,,,0.0,0.0,32846.0,116522.0,,,,,,,,,103000.0,103000.0,,0.0,-49478.0,-49478.0,-7500.0,,,,,,,,,,7500.0,0.0,,,,,,0.0,0.0,,,,0.001,10000000.0,0.0,0.0,,,103000.0,103000.0,,0.0,,,,,,-7500.0,,,,,,,,-875686.0,0.0,,,0.0,,,83676.0,,,,4179451.0,
2015-02-28,2015-04-08,10-Q,"SIBANNAC, INC.",SNNC,CIK0001313938,USD,,,6760.0,,,,,,,,,,,,1094405.0,0.0,,,,,227658.0,227658.0,,,,,,207658.0,,,,0.001,60000000.0,15967200.0,15967200.0,0.0,15957.0,0.0,,,,,,,,,,,,,,,,,,,,,0.0,2476.0,,,,,,,16254.0,,,0.0,,,-16254.0,,,,,,,,,,,,,,,,,,,,,,,,,0.0,0.0,,,,,,,,,,,,,,,0.0,0.0,9236.0,227658.0,,,,,,,,,,,,,,,-16254.0,,20000.0,,,,-16254.0,,,,16254.0,,,,,,,,,,,,,,,,,,,,,,,,,,,,,,,,,,,-891940.0,0.0,,,0.0,,,218422.0,,,,8985331.0,
2015-05-31,2015-07-14,10-Q,"SIBANNAC, INC.",SNNC,CIK0001313938,USD,,,9129.0,,,,,,,,,,,,1393105.0,0.0,,,,,474541.0,474541.0,,,,,,414541.0,,,,0.001,60000000.0,15967200.0,15967200.0,0.0,17757.0,0.0,,,,,,,,,,,,,,,,,,,,,-0.01,2476.0,,,,,,,55990.0,,,0.0,,,-55990.0,,,,,,,,,,,,,,,,,,,,,,,,4.0,4.0,0.0,,,,,,,,,,,,,,,0.0,0.0,11605.0,474541.0,11605.0,,,,,,,,,,,,,,-55986.0,,60000.0,,,,-55990.0,,,,55990.0,,,,,,,,,,,,,,,,,,,,,,,,,,,,,,,,,,,-947926.0,0.0,,,0.0,,,462936.0,,,,4990000.0,
2015-08-31,2016-02-26,10-K,"SIBANNAC, INC.",SNNC,CIK0001313938,USD,250000.0,,2476.0,250000.0,0.0,,,,1000.0,,,,,40053.0,40662.0,0.0,,,0.0,0.0,564861.0,274808.0,290053.0,291053.0,,254195.0,-138500.0,273808.0,,,210808.0,0.001,60000000.0,17527194.0,17527194.0,0.0,17528.0,0.0,,,,234100.0,234100.0,130800.0,0.0,334000.0,334000.0,,,,,,657112.0,0.0,,,,,-0.2,0.0,,0.0,40053.0,40053.0,,,102916.0,2477267.0,2241462.0,0.0,,-102916.0,,,-0.01,-2271571.0,-0.19,,0.0,-71688.0,0.0,,,,0.0,,0.0,0.0,0.0,,,-63000.0,0.0,,,40053.0,,28.0,0.0,,0.0,20095.0,,,,,,,,,,,,0.0,0.0,506671.0,564861.0,256671.0,250000.0,256671.0,250000.0,254195.0,,-174604.0,-93588.0,617500.0,617500.0,-138500.0,-138500.0,-268192.0,-268192.0,-2374486.0,254195.0,,254195.0,0.0,,-2374514.0,777000.0,,0.0,102916.0,,,28.0,,138500.0,,,,0.0,,,0.001,10000000.0,0.0,0.0,0.0,,,617500.0,,,,,,0.0,,-2374514.0,,,,0.0159,,,,0.0,0.0,,0.0,0.0,,0.0,58190.0,1890000.0,617500.0,,12127944.0,
2015-11-30,2016-03-11,10-Q,"SIBANNAC, INC.",SNNC,CIK0001313938,USD,250991.0,,2476.0,250000.0,,,,,120466.0,,,,,,40662.0,934.0,,,0.0,,536521.0,230396.0,306125.0,,,259731.0,,109930.0,,,-163878.0,0.001,60000000.0,17527194.0,2027000.0,0.0,17528.0,87673.0,,,,,,,,,,,,,934.0,,,,,,,,0.0,0.0,,,,,,,84125.0,,0.0,55587.0,,,,,,,,,0.0,5536.0,119466.0,,,,0.0,,0.0,16015.0,,,,0.0,991.0,,,55134.0,,1132.0,5536.0,,0.0,5536.0,,,,,,,,,,,,0.0,0.0,512207.0,536521.0,262207.0,250000.0,,,,,,,0.0,-25486.0,-16015.0,202672.0,-147863.0,-183778.0,-33876.0,259731.0,,,,,-28538.0,,,,84125.0,128.0,,-5338.0,,,,250991.0,56068.0,,,,0.001,10000000.0,0.0,0.0,0.0,,,-25486.0,,509731.0,,,,0.0,,-28538.0,,,0.0,0.0159,,,,-33876.0,143260.0,,,0.0,,,24314.0,,,,17527194.0,
2016-02-29,2016-04-19,10-Q,"SIBANNAC, INC.",SNNC,CIK0001313938,USD,250000.0,,39782.0,250000.0,,,,,89904.0,,,,,,40662.0,1638.0,,,,,472679.0,128996.0,343683.0,,,,,37110.0,,,,0.001,60000000.0,17527194.0,17527194.0,,17528.0,141692.0,,,,265267.0,265267.0,,,,,,,,,,,,,,,,-0.01,,,,96255.0,,,,119029.0,,,-30474.0,,,,,,,,,,,,,,,,,,,,,,,,,,93683.0,,993.0,6536.0,,,11072.0,,,,,,,,,,,,0.0,0.0,605049.0,472679.0,355049.0,250000.0,,,,,,,,,,,,,-156684.0,,,265267.0,,,-149503.0,,,1982.0,119029.0,,,-7181.0,,,,,,,,,0.001,10000000.0,0.0,0.0,0.0,,,,,,,,,,,,,,,,,,,-190560.0,111218.0,,50000.0,0.0,,,-132370.0,,,,17527194.0,
2016-05-31,2016-07-20,10-Q,"SIBANNAC, INC.",SNNC,CIK0001313938,USD,250000.0,,23272.0,250000.0,,,,,90816.0,,,,,,40662.0,1574.0,,,,,461462.0,109704.0,351758.0,,,,,15904.0,,,,0.001,60000000.0,17527194.0,17527194.0,,17528.0,87483.0,,,,,,,,,,,,,,,,,,,,,0.0,,,,,,,,41130.0,,,2006.0,,,,,,,,,,,,,,,,,,,,,,,,,,101758.0,,1002.0,9341.0,,,,,,,,,,,,,,,0.0,0.0,566911.0,461462.0,316911.0,250000.0,,,16250.0,,,,,,,,,,-49037.0,,,270864.0,,,-39124.0,,,2984.0,41130.0,,,,,,,,,,,,0.001,10000000.0,0.0,0.0,0.0,,,,,,,,,,,,,,,,,,,-163639.0,89489.0,,6525.0,0.0,,,-105449.0,,,,17527194.0,
2016-08-31,2016-12-14,10-K,"SIBANNAC, INC.",SNNC,CIK0001313938,USD,250000.0,,53508.0,250000.0,19364.0,,,,60071.0,,,,,40053.0,40662.0,6229.0,,0.0,0.0,118864.0,322771.0,72771.0,250000.0,314046.0,,254195.0,0.0,8725.0,,,-265083.0,0.001,60000000.0,17527194.0,17527194.0,,17528.0,0.0,,,,234100.0,,234100.0,0.0,351000.0,351000.0,,,,,,657112.0,,,,,,-0.02,,,6230.0,125094.0,0.0,,,132548.0,,0.0,0.0,,-132548.0,,,-0.01,-218471.0,-0.01,,0.0,19364.0,59071.0,,,,,,,-40053.0,25688.0,,,25000.0,3975.0,,,0.0,,4117.0,30659.0,,0.0,20095.0,,,,,,,,,,,,,,615600.0,322771.0,365600.0,250000.0,346236.0,250000.0,276461.0,,-113184.0,-151899.0,0.0,7209.0,0.0,40053.0,-265083.0,-312345.0,-351019.0,,,,7209.0,,-199384.0,914000.0,,3975.0,132548.0,,,-151635.0,,0.0,,,,0.0,,,0.001,10000000.0,0.0,0.0,0.0,,,0.0,,,,,,0.0,,,,,,0.0159,,,,-351019.0,0.0,,,0.0,,28422.0,-292829.0,,,,17527194.0,
2016-11-30,2017-09-15,10-Q,"SIBANNAC, INC.",SNNC,CIK0001313938,USD,250000.0,,62615.0,250000.0,,,,,11632.0,,,,,,40662.0,0.0,,4329.0,0.0,,262329.0,12329.0,250000.0,,,,,698.0,,,-8027.0,0.001,60000000.0,17527194.0,17527194.0,,17528.0,74019.0,,,,,,,,,,,,,0.0,,,,,,,,0.0,,,,,,,,,,,-33045.0,,,,,,,,,0.0,15267.0,-44110.0,,,,,,,0.0,,,,,0.0,,,,,0.0,10313.0,,0.0,3975.0,,,,,,,,,,,,,,639927.0,262329.0,389927.0,250000.0,,,281997.0,,,,9061.0,,0.0,,-17088.0,,-84769.0,,,,14261.0,,-74456.0,,,0.0,41412.0,,,-10313.0,,,,,,,,,0.001,10000000.0,0.0,0.0,0.0,,,,,,,,,9061.0,,,,,8304.0,0.0159,,,,-435788.0,40975.0,,,,,31054.0,-377598.0,,,,17527194.0,
2017-02-28,2017-12-11,10-Q,"SIBANNAC, INC.",SNNC,CIK0001313938,USD,250000.0,,69321.0,250000.0,,,,,87.0,,,,,,40662.0,0.0,,4329.0,,,262340.0,12340.0,250000.0,,,,,12253.0,,,,0.001,60000000.0,17527194.0,17527194.0,,17528.0,4263.0,,,,,,,,,,,,,,,,,,,,,0.0,,,,,,,,,,,-4207.0,,,,,,,,,,,,,,,,,,,,,,,,,,,,0.0,7496.0,,,3975.0,,,,,,,,,,,,,,658466.0,262340.0,408466.0,250000.0,,,287471.0,,,,,,,,,,-18528.0,,,,9996.0,,-11032.0,,,0.0,6825.0,,,-7496.0,,,,,,,,,0.001,10000000.0,0.0,0.0,0.0,,,,,,,,,,,,,,,,,,,-454316.0,56.0,,,,,41678.0,-396126.0,,,,17527194.0,
