end,filed,form,Name,Ticker,CIK,Currency,AccountsPayableAndAccruedLiabilitiesCurrent,AccountsPayableCurrent,AccountsPayableInterestBearingInterestRate,AccountsReceivableNetCurrent,AccruedLiabilitiesCurrent,AccumulatedOtherComprehensiveIncomeLossNetOfTax,AdditionalPaidInCapital,AdjustmentsToAdditionalPaidInCapitalConvertibleDebtWithConversionFeature,AdjustmentsToAdditionalPaidInCapitalSharebasedCompensationRequisiteServicePeriodRecognitionValue,AllocatedShareBasedCompensationExpense,AllowanceForDoubtfulAccountsReceivableCurrent,AmortizationOfDebtDiscountPremium,Assets,AssetsCurrent,AssetsOfDisposalGroupIncludingDiscontinuedOperation,AssetsOfDisposalGroupIncludingDiscontinuedOperationCurrent,CashAndCashEquivalentsAtCarryingValue,CashAndCashEquivalentsPeriodIncreaseDecrease,CashEquivalentsAtCarryingValue,CashPeriodIncreaseDecrease,CashProvidedByUsedInOperatingActivitiesDiscontinuedOperations,CommercialPaper,CommitmentsAndContingencies,CommonStockNoParValue,CommonStockParOrStatedValuePerShare,CommonStockSharesAuthorized,CommonStockSharesIssued,CommonStockSharesOutstanding,CommonStockValue,ComprehensiveIncomeNetOfTaxIncludingPortionAttributableToNoncontrollingInterest,ConversionOfStockAmountConverted1,ConversionOfStockSharesConverted1,ConvertibleDebt,ConvertibleDebtCurrent,ConvertibleDebtNoncurrent,ConvertibleLongTermNotesPayable,ConvertibleNotesPayable,ConvertibleNotesPayableCurrent,CostOfGoodsSold,CurrentFederalTaxExpenseBenefit,CustomerAdvancesAndDeposits,DebtConversionConvertedInstrumentAmount1,DebtConversionConvertedInstrumentSharesIssued1,DebtConversionOriginalDebtAmount1,DebtInstrumentCarryingAmount,DebtInstrumentConvertibleBeneficialConversionFeature,DebtInstrumentConvertibleConversionPrice1,DebtInstrumentConvertibleIfConvertedValueInExcessOfPrincipal,DebtInstrumentIncreaseAccruedInterest,DebtInstrumentInterestRateStatedPercentage,DebtInstrumentPeriodicPaymentPrincipal,DebtInstrumentUnamortizedDiscount,DebtInstrumentUnamortizedDiscountCurrent,DebtInstrumentUnamortizedDiscountNoncurrent,DeferredFinanceCostsOwnshareLendingArrangementIssuanceCostsAmortizationExpense,DeferredOfferingCosts,DeferredRevenueCurrent,DeferredTaxAssetsGross,DeferredTaxAssetsNet,DeferredTaxAssetsOperatingLossCarryforwards,DeferredTaxAssetsValuationAllowance,DepositLiabilitiesAccruedInterest,Depreciation,DepreciationAndAmortization,DevelopmentCosts,DisposalGroupNotDiscontinuedOperationLossGainOnWriteDown,DueFromRelatedPartiesCurrent,DueToOtherRelatedPartiesClassifiedCurrent,DueToRelatedPartiesCurrent,EarningsPerShareBasicAndDiluted,EffectiveIncomeTaxRateContinuingOperations,EffectiveIncomeTaxRateReconciliationAtFederalStatutoryIncomeTaxRate,EffectOfExchangeRateOnCashAndCashEquivalents,EquityMethodInvestmentOwnershipPercentage,FederalIncomeTaxExpenseBenefitContinuingOperations,GainsLossesOnExtinguishmentOfDebt,GeneralAndAdministrativeExpense,Goodwill,GrossProfit,ImpactOfRestatementOnOpeningRetainedEarningsBeforeTax,IncomeLossFromContinuingOperations,IncomeLossFromContinuingOperationsBeforeIncomeTaxesExtraordinaryItemsNoncontrollingInterest,IncomeLossFromContinuingOperationsBeforeIncomeTaxesMinorityInterestAndIncomeLossFromEquityMethodInvestments,IncomeLossFromContinuingOperationsPerBasicAndDilutedShare,IncomeLossFromDiscontinuedOperationsNetOfTax,IncomeLossFromDiscontinuedOperationsNetOfTaxAttributableToReportingEntity,IncomeLossFromDiscontinuedOperationsNetOfTaxPerBasicAndDilutedShare,IncomeTaxExpenseBenefit,IncomeTaxExpenseBenefitContinuingOperationsDiscontinuedOperationsExtraordinaryItems,IncomeTaxesPaid,IncomeTaxesPaidNet,IncomeTaxReconciliationChangeInDeferredTaxAssetsValuationAllowance,IncomeTaxReconciliationNondeductibleExpenseShareBasedCompensationCost,IncreaseDecreaseInAccountsPayable,IncreaseDecreaseInAccountsPayableAndAccruedLiabilities,IncreaseDecreaseInAccountsReceivable,IncreaseDecreaseInAccruedInterestReceivableNet,IncreaseDecreaseInAccruedLiabilities,IncreaseDecreaseInCustomerAdvancesAndDeposits,IncreaseDecreaseInDeferredRevenue,IncreaseDecreaseInDueFromRelatedPartiesCurrent,IncreaseDecreaseInDueToRelatedParties,IncreaseDecreaseInInterestPayableNet,IncreaseDecreaseInOtherOperatingAssets,IncreaseDecreaseInOtherReceivables,InterestExpense,InterestExpenseDebt,InterestExpenseRelatedParty,InterestPaid,InterestPaidNet,InterestPayableCurrent,InterestPayableCurrentAndNoncurrent,IssuanceOfStockAndWarrantsForServicesOrClaims,LaborAndRelatedExpense,Liabilities,LiabilitiesAndStockholdersEquity,LiabilitiesCurrent,LiabilitiesOfDisposalGroupIncludingDiscontinuedOperation,LiabilitiesOfDisposalGroupIncludingDiscontinuedOperationCurrent,LongTermDebt,LongTermNotesPayable,ManagementFeeExpense,ManagementFeePayable,MarketingAndAdvertisingExpense,NetCashProvidedByUsedInFinancingActivities,NetCashProvidedByUsedInInvestingActivities,NetCashProvidedByUsedInOperatingActivities,NetIncomeLoss,NonoperatingIncomeExpense,NotesIssued1,NotesPayable,NotesPayableCurrent,OperatingExpenses,OperatingIncomeLoss,OperatingLossCarryforwards,OtherComprehensiveIncomeForeignCurrencyTransactionAndTranslationAdjustmentNetOfTaxPortionAttributableToParent,OtherExpenses,OtherLongTermNotesPayable,OtherNonoperatingExpense,OtherNonoperatingIncomeExpense,OtherNotesPayableCurrent,OtherSellingGeneralAndAdministrativeExpense,ProceedsFromConvertibleDebt,ProceedsFromIssuanceOfCommercialPaper,ProceedsFromIssuanceOfCommonStock,ProceedsFromIssuanceOfDebt,ProceedsFromRelatedPartyDebt,ProceedsFromRepaymentsOfRelatedPartyDebt,ProfessionalFees,ProfitLoss,PropertyPlantAndEquipmentNet,RelatedPartyTransactionDueFromToRelatedPartyCurrent,RepaymentsOfNotesPayable,RetainedEarningsAccumulatedDeficit,Revenues,SalariesAndWages,SaleOfStockPricePerShare,SalesRevenueNet,ShareBasedCompensation,ShareBasedCompensationArrangementsByShareBasedPaymentAwardOptionsGrantsInPeriodWeightedAverageExercisePrice,SharesIssued,SharesIssuedPricePerShare,ShortTermBorrowings,StockGrantedDuringPeriodValueSharebasedCompensation,StockholdersEquity,StockholdersEquityNoteSubscriptionsReceivable,StockIssued1,StockIssuedDuringPeriodSharesConversionOfConvertibleSecurities,StockIssuedDuringPeriodSharesNewIssues,StockIssuedDuringPeriodSharesRestrictedStockAwardGross,StockIssuedDuringPeriodValueAcquisitions,StockIssuedDuringPeriodValueConversionOfConvertibleSecurities,StockIssuedDuringPeriodValueConversionOfConvertibleSecuritiesNetOfAdjustments,StockIssuedDuringPeriodValueIssuedForServices,StockIssuedDuringPeriodValueNewIssues,StockIssuedDuringPeriodValueOther,StockIssuedDuringPeriodValueRestrictedStockAwardGross,StockIssuedDuringPeriodValueShareBasedCompensation,StockIssuedDuringPeriodValueShareBasedCompensationGross,TemporaryEquityForeignCurrencyTranslationAdjustments,ValuationAllowanceDeferredTaxAssetChangeInAmount,WeightedAverageNumberOfShareOutstandingBasicAndDiluted,CashCashEquivalentsRestrictedCashAndRestrictedCashEquivalentsPeriodIncreaseDecreaseExcludingExchangeRateEffect,OtherCostAndExpenseOperating
2014-12-31,2015-03-31,10-K,"Cloudweb, Inc.",CLOW,CIK0001619227,USD,,14806.0,,3694.0,,,29500.0,,,,0.0,,17829.0,17829.0,,3694.0,4135.0,4135.0,12962.0,,-865.0,,,,,500000000.0,1000000000.0,1000000000.0,,,,,,,,,,,,,3897.0,,,,,,,,,,,,,,,10000.0,,,,22200.0,22200.0,,,,,,,,35000.0,0.0,,,,,,,,,,,,,,,,-65374.0,,,65374.0,,,,,,,,,,,,,,,,,,,,,,,,,,53703.0,17829.0,53703.0,,53703.0,,,,35000.0,,5000.0,,-865.0,-65374.0,,,,,,,65374.0,,,,,,,,,,5000.0,,,,,,,,,-65374.0,,,,,,,,,,,-35874.0,,,,,,,,,,,,,,,,,1000000000.0,,
2015-03-31,2015-05-15,10-Q,"Cloudweb, Inc.",CLOW,CIK0001619227,USD,,6958.0,,1739.0,,,89514.0,,,,0.0,,82138.0,82138.0,,,10354.0,,,-2572.0,,,,,,100000000.0,10600138.0,,,17409.0,,,,,,,,,-119.0,,14082.0,,,,,,,,,,,,,,,10000.0,,,,32780.0,,,314.0,314.0,,,,,68000.0,0.0,0.34,,-978.0,,,,1942.0,,12141.0,,,,18879.0,,,,,3182.0,,,-816.0,,,-7848.0,2294.0,1955.0,,,10185.0,,,33000.0,,,,,,,,,,,,-8994.0,89040.0,82138.0,89040.0,,,,,5000.0,68000.0,0.0,111.0,-20010.0,18305.0,15697.0,,,,,-6738.0,18879.0,96416.0,1712.0,,,,,,40119.0,,,60014.0,,,111.0,,,,,,-96416.0,12022.0,,,16309.0,,,,,,,-6902.0,,,,,,,,,,,,,,,,10550.0,2500000.0,,
2015-06-30,2015-08-14,10-Q,"Cloudweb, Inc.",CLOW,CIK0001619227,USD,,3902.0,,,,,89514.0,,,,0.0,,73214.0,73214.0,,,5734.0,,,,,,,,,100000000.0,10600138.0,,,5420.0,,,,,,,,,2585.0,,12089.0,,,,,,,,,,,,,,,10000.0,,,,45300.0,,,,81.0,,,,,101000.0,0.0,,,,,,,1987.0,,9667.0,,,,,,,,,,,,,,,,,,,,,,,,,,,,,,,,,,,844.0,116991.0,73214.0,116991.0,,,,,,101000.0,,,,,6755.0,,,,,2912.0,6755.0,133291.0,-1335.0,,,,,,42625.0,,,,,,,,,,,,-133291.0,12252.0,,,13968.0,,,,,,,-43777.0,,,,,,,,,,,,,,,,,2500000.0,,
2015-09-30,2015-11-16,10-Q,"Cloudweb, Inc.",CLOW,CIK0001619227,USD,,1973.0,,,,,89514.0,,,,0.0,,62890.0,62890.0,,,10897.0,,,,,,,,,100000000.0,10600138.0,,,-7935.0,,,,,,,,,2138.0,,10752.0,,,,,,,,,,,,,,,10000.0,,,,58900.0,,,,84.0,,,,,134000.0,0.0,,,,,,,1188.0,,7839.0,,,,,,,,,,,,,,,,,,,,,,,,,,,,,,,,,,,16334.0,146725.0,62890.0,146725.0,,,,,,134000.0,,,,,-9767.0,,,,,17606.0,-9767.0,173349.0,1832.0,,,,,,49564.0,,,,,,,,,,,,-173349.0,9977.0,,,19692.0,,,,,,,-83835.0,,,,,,,,,,,,,,,,,2500000.0,,
2015-12-31,2016-04-14,10-K,"Cloudweb, Inc.",CLOW,CIK0001619227,USD,5770.0,,,,,-1236.0,16810.0,,,,,,95489.0,5599.0,,,48561.0,44425.0,48561.0,-7363.0,-15589.0,,,,,500000000.0,25000.0,25000.0,,-6602.0,,,,,,,,,8523.0,,,,,,,,,,,,,,,,,,,,,72680.0,72680.0,,563.0,238.0,,,,10000.0,86764.0,-0.26,0.34,,-169.0,,,,6053.0,89496.0,22499.0,,,-6433.0,,,,-148391.0,,,148391.0,,1036.0,,,,2195.0,,,,,,,,,,,,,,,,,,,20942.0,102534.0,95489.0,102534.0,,172811.0,,,,,1075.0,26230.0,-30247.0,-3178.0,-6433.0,,,,,28931.0,-6433.0,213765.0,-169.0,,,,,,,,,60014.0,,,16230.0,1698.0,,394.0,,,2940.0,31022.0,,,,497.0,,,,,,-3280.0,25559.0,,,,,,,,,60014.0,,,,,,50480.0,25000.0,,
2016-03-31,2016-06-16,10-Q,"Cloudweb, Inc.",CLOW,CIK0001619227,USD,19824.0,,,,,-1663.0,112127.0,,,,,,110855.0,21044.0,,,21044.0,,,15445.0,,,,,,500000000.0,314076369.0,314076369.0,,-140268.0,,,,,,,,,4586.0,,,,,,,,,,,,,,,,,,,,,,,,78.0,78.0,,,,32700.0,110068.0,-0.26,,,-426.0,,,,2526.0,89496.0,4329.0,,,-139255.0,-139255.0,,,,,,,,0.0,,,,14054.0,,,,,,,,,,,,,,0.0,,,,,12485.0,162592.0,110855.0,162592.0,,,,,,,,46004.0,-327.0,-29806.0,-139255.0,,,,,143584.0,-139255.0,,-1013.0,,,,,,,,,,,,23304.0,128495.0,,315.0,,,-136315.0,8915.0,,,,95317.0,,,,,,-51737.0,25886.0,95317.0,,,,,,,,,,,,95317.0,-426.0,,543199.0,,
2016-06-30,2016-08-22,10-Q,"Cloudweb, Inc.",CLOW,CIK0001619227,USD,17230.0,,,,,-2478.0,112127.0,,,,,,98830.0,9098.0,,,25.0,,,,,,,,,500000000.0,314076369.0,314076369.0,,-41025.0,,,,,,,,,12034.0,,,,,,,,,,,,,,,,,,,,,,,,,79.0,,,,32700.0,138668.0,0.0,,,,,,,10340.0,89496.0,986.0,,,-26848.0,,-0.03,,13177.0,-0.02,0.0,,,,,,,,,,,,,,,,,,,,,,,,,,13009.0,188598.0,98830.0,188598.0,,,,,,,,,,,-40796.0,,,,,41782.0,-40796.0,,-229.0,,,,,,,,,,,,,18354.0,,236.0,,,-177111.0,13020.0,,,,,,,,,,-89768.0,22306.0,,,,,,,,,,,,,,,,314076369.0,,
2016-09-30,2016-11-18,10-Q,"Cloudweb, Inc.",CLOW,CIK0001619227,USD,18769.0,,,,,-3486.0,112127.0,,,,,,89835.0,182.0,,,182.0,,,,,,,,,500000000.0,314076369.0,314076369.0,,-20333.0,,,,,,,,,3355.0,,,,,,,,,,,,,,,,,,,,,,,,,79.0,,,,32700.0,143583.0,-0.02,,,,,,,35.0,89496.0,13211.0,,,,,-0.02,,6313.0,-0.01,,,,,,,,,,,,,,,,,,,,,,,,,,,13194.0,195052.0,89835.0,195052.0,,,,,,,,,,,-13012.0,,,,,13012.0,-13012.0,,-1008.0,,,,,,,,,,,,,12978.0,,157.0,,,-192200.0,16566.0,,,,,,,,,,-105217.0,21658.0,,,,,,,,,,,,,,,,785191.0,,
2016-12-31,2017-04-25,10-K,"Cloudweb, Inc.",CLOW,CIK0001619227,USD,14682.0,,,,,-58721.0,95317.0,,,,,,73461.0,73461.0,,,0.0,,2080.0,-48561.0,,,,0.0,0.0,500000000.0,786082.0,786082.0,,-230547.0,,,,,,,,,20160.0,59110.0,,,,,,,,,,0.02,,,,,,,,,,,,,394.0,394.0,,,73461.0,57535.0,137316.0,-0.32,0.34,,-1252.0,,,,207.0,89496.0,10592.0,,-173853.0,-229295.0,,-0.24,-56693.0,56693.0,-0.08,,,,,26702.0,-32408.0,,-158130.0,,,,,,,,,,,77.0,,,,,,,,49513.0,210719.0,73461.0,210719.0,,58721.0,,8293.0,,,,63855.0,5017.0,-112416.0,-229295.0,,,,,173853.0,-173853.0,,-1252.0,,,,,,,,,,,,137316.0,173646.0,,79.0,73461.0,-8293.0,-173854.0,30752.0,,,,95317.0,,,,,,-137258.0,20542.0,95317.0,,,,,,,5017.0,,,,,95317.0,-1252.0,,729127.0,,
2017-03-31,2017-05-12,10-Q,"Cloudweb, Inc.",CLOW,CIK0001619227,USD,21953.0,,,2471.0,,-2885.0,112127.0,,,,,,100926.0,11430.0,,,8958.0,,,6878.0,,,,,,500000000.0,3140764.0,3140764.0,,-32936.0,,,,,,,,,4622.0,,,,,,,,,,,0.02,,,,,,,6131.0,,,,,,158.0,158.0,,,,82535.0,14717.0,-0.05,,,-397.0,,,,4005.0,89496.0,-1614.0,98393.0,-19686.0,-32539.0,,-0.02,,,-0.03,,,,0.0,,,,7192.0,2471.0,-175.0,6131.0,,6131.0,2471.0,,,,,9505.0,,,0.0,,,112.0,,15799.0,280625.0,100926.0,125336.0,,,,155289.0,,,,28630.0,,-21752.0,-32539.0,-9505.0,137316.0,8223.0,,10181.0,-19686.0,,-397.0,,,40.0,,,,,,,,,3630.0,10181.0,,,,,-268399.0,3008.0,,,,0.0,,,,,,-179699.0,20542.0,,,,,,,,,,,,,,,,786082.0,,
2017-06-30,2017-08-14,10-Q,"Cloudweb, Inc.",CLOW,CIK0001619227,USD,14823.0,,,,,-73460.0,95317.0,,,,,,,,,,,,,,,,,0.0,0.0,500000000.0,785191.0,785191.0,,,,,,,,,,,0.0,,,,,,,,,,,,,,,,,,,,,,,,,,,,,,26210.0,-0.06,,,,,,,0.0,,0.0,36680.0,-25889.0,-25889.0,,-0.03,-22754.0,22754.0,-0.03,0.0,,,,,,,,,,,,,,,,,,9719.0,,9719.0,,,,,,,197573.0,0.0,41033.0,,,,156540.0,,,,,,,-25889.0,-9719.0,,,,16170.0,-25889.0,,,,,,,,,,,,,,,16170.0,,,,,-219430.0,0.0,,,,,,,,,,-197573.0,,,,,,,,,,,,,,,,,785191.0,,
2017-09-30,2018-01-02,10-Q,"Cloudweb, Inc.",CLOW,CIK0001619227,USD,50338.0,,,,,-96215.0,157877.0,,,,,9144.0,,,,,,,,,,,,,,500000000.0,785191.0,785191.0,,,,,,,,72004.0,72004.0,136000.0,,,,,,,,73140.0,,,,,,,,,,,,,,,,,,,,,,,,-0.01,,,,,,11896.0,,,,,-7928.0,,,-0.01,,,0.0,,,,,,,,,,,,,,,,,,,10520.0,1375.0,,,,,,,,142942.0,0.0,50338.0,,,-63996.0,92604.0,,,,,,,-7928.0,1376.0,,,,9304.0,-7928.0,,,-1376.0,,,,,,,,,,,,9304.0,,,,,-204604.0,,,,,,,,,,,-142942.0,,,,,,,,,,,,,,,,,785191.0,,
2017-12-31,2018-04-02,10-K,"Cloudweb, Inc.",CLOW,CIK0001619227,USD,50282.0,,,,22203.0,-96216.0,157877.0,,,,,18288.0,,,,,,,,,,,,,,500000000.0,786082.0,786082.0,,,,,,,,81148.0,81148.0,136000.0,,28352.0,,19193.0,,2160.0,54852.0,62560.0,,73140.0,213.0,,,,54852.0,,,,,-28352.0,,-83388.0,28352.0,21990.0,,,,,,,,-0.23,0.34,0.34,,,,-11896.0,,,,,-83389.0,,,-0.11,-96216.0,96216.0,-0.12,,,,,28352.0,,,54793.0,,,22203.0,,,-73461.0,,,,,40491.0,,,,,,,,,172826.0,,91678.0,,,-54852.0,103138.0,,,,,,,-98128.0,,,19193.0,19193.0,54794.0,-83389.0,,,28595.0,,,,0.0,,,,,,,,54794.0,,,,,-234487.0,,,,,,,,,15584.0,,-172826.0,,,,,,,,,,,,,,,,,786082.0,,
2018-03-31,2018-05-15,10-Q,"Cloudweb, Inc.",CLOW,CIK0001619227,USD,42573.0,,,,26246.0,-96216.0,35369809.0,,,,,7800.0,,,,,,,,,,,,,,500000000.0,20786082.0,20786082.0,,,,,,,,77016.0,77016.0,116000.0,,,,,,11932.0,,,,,,,,,,,,,,,,,,23154.0,,,,,,,,-2.07,,,,,,,150.0,,,,-35219431.0,,,-2.07,,,,,,,,,,,-7708.0,,,4043.0,,,,,,,,11843.0,,,,,,,,,180324.0,,103308.0,,,-38984.0,,,,,15296.0,,-15296.0,-35219430.0,-11843.0,,,34489.0,35207588.0,-35219431.0,,,11843.0,,,,,,,,,15296.0,,,7438.0,-35219430.0,,,,-35453917.0,,,,,35200000.0,,,,,,-180324.0,,35200000.0,,,,,,11932.0,,,,,,35200000.0,,,17010801.0,,
2018-06-30,2018-08-06,10-Q,"Cloudweb, Inc.",CLOW,CIK0001619227,USD,54287.0,,,,31489.0,-96216.0,35369809.0,,,,,,,,,,,,,,,,,,,500000000.0,20786082.0,20786082.0,,,,,,,,,84816.0,84816.0,,,,,,,,,,,,,,,31184.0,,,,,,,,,24945.0,,,,,,,,0.0,,,,,,,,,,,-37006.0,-37006.0,,0.0,,,,,,,,,,,,,,,,,,,,,,-13045.0,,,,,,,,,217330.0,,217330.0,,,,,,,,,,,-37006.0,-13045.0,,,46738.0,23961.0,-37006.0,,,13045.0,,,,,,,,,,,,23961.0,-37006.0,,,,-35490923.0,,,,,,,,,,,-217330.0,,,,,,,,,,,,,,,,,20786082.0,,
2018-09-30,2018-10-31,10-Q,"Cloudweb, Inc.",CLOW,CIK0001619227,USD,54359.0,,,,37538.0,-96216.0,35369809.0,,,,,,,,,,,,,,,,,,,500000000.0,20786082.0,20786082.0,,,,,,,,,92616.0,92616.0,,,,,,,,,,,,,,,23384.0,,,,,,,,,25513.0,,,,,,,,0.0,,,,,,,,,,,-19329.0,-19329.0,,0.0,,,,,,,,,,,,,,,,,,,,,,-13848.0,,,,,,,,,236659.0,,236659.0,,,,,,,,,,,,-13848.0,,,52146.0,5481.0,-19329.0,,,,,,-13848.0,,,,,,,,,5481.0,-19329.0,,,,-35510252.0,,,,,,,,,,,-236659.0,,,,,,,,,,,,,,,,,20786082.0,,
2018-12-31,2019-03-19,10-K,"Cloudweb, Inc.",CLOW,CIK0001619227,USD,59659.0,,,,44384.0,-96216.0,35369809.0,,,,,31200.0,,,,,0.0,,,,,,,,0.0,500000000.0,140557.0,140557.0,,,,,,,,39090.0,100416.0,100416.0,,,,58283.0,4000000.0,11932.0,0.0,,,,17686.0,,,,,,,,,-37476.0,,-178458.0,37476.0,26698.0,,,,,,,,-262.83,0.21,0.21,,,178458.0,,150.0,,,,-35301848.0,,,-1.78,,,,,,,,,,,9377.0,,,22181.0,,,,,,,,-53382.0,,,,,,,,,262742.0,,223652.0,,,-15584.0,,,,,39090.0,,-39090.0,-35301848.0,,,39090.0,19193.0,35248466.0,-35301848.0,,,53382.0,100416.0,,-53382.0,20000.0,,,,,39090.0,,,48316.0,-35301848.0,,,,-35536335.0,,,,,35200000.0,,,,15584.0,,-262742.0,,,,,,,,,35200000.0,,,,35200000.0,35200000.0,,,134315.0,,
2019-03-31,2019-05-07,10-Q,"Cloudweb, Inc.",CLOW,CIK0001619227,USD,57411.0,,,,50894.0,-96216.0,35369809.0,,,,,7800.0,,,,,,,,,,,,,,500000000.0,20786082.0,20786082.0,,,,,,,,46240.0,108216.0,108216.0,,,,65433.0,4000000.0,,,,,73140.0,23036.0,,,,,,,,,,,,,27858.0,,,,,,,,-0.14,,,,,,-11896.0,,,,,-19212.0,,,0.0,-19212.0,,,,,,,,,,-2248.0,,,6510.0,,,,,,,,-14310.0,,,,,,,,,281954.0,,235714.0,,,-7784.0,,,,,7150.0,,-7150.0,-19212.0,,,19193.0,,4902.0,-19212.0,,,14310.0,,,-14310.0,20000.0,,,,,7150.0,,,4902.0,-19212.0,,,,-35555547.0,,,,,,,,,7784.0,,-281954.0,,,,,,,,,,,,,,,,,140557.0,,
2019-06-30,2019-08-01,10-Q,"Cloudweb, Inc.",CLOW,CIK0001619227,USD,53659.0,,,,58945.0,-96216.0,35369809.0,,,,,600.0,,,,,0.0,,,,,,,,0.0,500000000.0,20786082.0,20786082.0,,,,,,,,,108816.0,108816.0,,,,,,,,,,,,,,,,,,,,,,,,29031.0,,,,,,,,-0.11,,,,,,,,,,,-15004.0,-15004.0,,0.0,,,,,,,,,,,,,,,,,,,,,,8651.0,,,,,,,,,296958.0,,131797.0,,,7184.0,,,,,,,,-15004.0,-8651.0,,56345.0,19193.0,6353.0,,,,8651.0,108816.0,,,20000.0,,,,,,,,6353.0,-15004.0,,,,-35570551.0,,,,,0.0,,,,,,-296958.0,,,,,,,,,,,,,,,,,140557.0,,
2019-09-30,2019-11-04,10-Q,"Cloudweb, Inc.",CLOW,CIK0001619227,USD,55109.0,,,,67393.0,-96216.0,35369809.0,,,,,600.0,,,,,0.0,,,,,,,,0.0,500000000.0,20786082.0,20786082.0,,,,,,,,109416.0,109416.0,,,,,,,,6584.0,,,,,,,,,,,,,,,,,30217.0,,,0.0,,,,,-0.1,,,,,,,,,,,-14579.0,-14579.0,,0.0,,,,0.0,,,,,,,,,,,,,,,,,,9048.0,,,,,,,,,311537.0,,141695.0,,,-6584.0,,,,,,,,-14579.0,,,60426.0,19193.0,5531.0,-14579.0,,,,109416.0,,-9048.0,20000.0,,,,,,,,5531.0,-14579.0,,,,-35585130.0,,,,,0.0,,,,0.0,,-311537.0,,,,,,,,,,,,,,,,,140557.0,,
2019-12-31,2020-04-03,10-K,"Cloudweb, Inc.",CLOW,CIK0001619227,USD,63277.0,,,,76155.0,-96216.0,35369809.0,0.0,,,,9600.0,0.0,0.0,,,0.0,0.0,,,,19193.0,0.0,,0.0,500000000.0,140557.0,140557.0,35369809.0,,,,110016.0,110016.0,110016.0,110016.0,110016.0,0.0,,,,86519.0,4000000.0,5984.0,5984.0,,,9600.0,44752.0,,,5984.0,5984.0,,,,,-52853.0,0.0,-251683.0,52853.0,31403.0,,,0.0,,,,,-331.35,,0.21,,0.5,,11896.0,,,,,-46573225.0,,,,,,,,,0.0,,,,,3618.0,,,31771.0,,,,,,,,41371.0,,,,0.0,76155.0,,,,335967.0,0.0,158625.0,,,-5984.0,67326.0,,,,28236.0,0.0,-28236.0,-46573225.0,-41371.0,,19193.0,19193.0,46531854.0,-46573225.0,,,,110016.0,,-41371.0,0.0,,0.0,,,28236.0,,,31854.0,-46573225.0,,,,-82109560.0,,,,,46500000.0,,,,0.0,46500000.0,-335967.0,,,23200000.0,,,,,,,,,,46500000.0,,,,140557.0,,
2020-03-31,2020-05-14,10-Q,"Cloudweb, Inc.",CLOW,CIK0001619227,USD,63659.0,,,,86243.0,,93525610.0,21801.0,,,,22401.0,,,,,0.0,0.0,,,,2160.0,,,,500000000.0,63140557.0,63140557.0,,,9000.0,,,,,110616.0,12801.0,123471.0,,,,69486.0,4000000.0,5384.0,5384.0,21801.0,,73140.0,32473.0,,,,,,,,,,,,,53770.0,,,,,,,,-0.66,,,,,,11896.0,,,,,,,,,-11662639.0,,,,,0.0,,,,,382.0,,,10088.0,,,,,,,,32489.0,,,,0.0,,,,,342805.0,,164863.0,,,-5384.0,67326.0,,,,4768.0,0.0,-4768.0,-11662639.0,,,,,11630150.0,-11662639.0,,,,110616.0,32489.0,-32489.0,20000.0,,4768.0,,,4768.0,0.0,,5150.0,-11662639.0,,,,-93772199.0,,,,,11625000.0,,,,,,-342805.0,,,30645917.0,,,,9000.0,,,,,,11625000.0,,,,17547150.0,,
2020-06-30,2020-07-23,10-Q,"Cloudweb, Inc.",CLOW,CIK0001619227,USD,58116.0,,,,,,105164410.0,13800.0,11625000.0,,,13800.0,0.0,0.0,,,0.0,,,,,,0.0,,,500000000.0,63140557.0,63140557.0,0.0,,,,137817.0,137817.0,,111216.0,,26601.0,,,,,,,,13800.0,,,,,,,4784.0,,,,,,,,,55659.0,,,,,,,,-0.18,,,,,,,,,,,,,,,,,,,,,,,,,,,,,,,,,,,,18711.0,,,,,90554.0,,,,355973.0,0.0,177431.0,,,-4784.0,,,,,,,,-11651968.0,-18711.0,,,,11633257.0,,,,,111216.0,18711.0,,0.0,,,,,,,,8257.0,,,,,-105424167.0,,,,,11625000.0,,,,,11625000.0,-355973.0,,,,,,,,,,,,,11625000.0,,,,63140557.0,,
2020-09-30,2020-11-16,10-Q,"Cloudweb, Inc.",CLOW,CIK0001619227,USD,56359.0,,,,,,116806747.0,7307.0,,,,,0.0,0.0,,,0.0,,,,,,0.0,,0.0,500000000.0,63140557.0,63140557.0,0.0,,,,145724.0,111816.0,,,111816.0,33908.0,,,,,,,,7307.0,,,,,,4184.0,4184.0,,,,,,,,,58627.0,,,10030.0,,,,,-0.18,,,,,,,,,,,,,,,,,,0.0,,,,,,,,,,,,,,,,,,16368.0,,,,,99015.0,,,,370584.0,0.0,191442.0,,,-4184.0,,,,,,,,-11656948.0,,,67326.0,,11640580.0,-16368.0,,,,111816.0,,-16368.0,0.0,,,,,,,,5550.0,,,,,-117081115.0,,11625000.0,,,11625000.0,,,,,11625000.0,-370584.0,,,,,,,,,,,10030.0,,11625000.0,,,,63140557.0,,
2020-12-31,2021-03-10,10-K,"Cloudweb, Inc.",CLOW,CIK0001619227,USD,55409.0,,,,107565.0,-96216.0,0.0,48982.0,,,,51382.0,0.0,0.0,,,0.0,0.0,,,,,,,0.0,500000000.0,319385.0,319385.0,128437821.0,,,,152398.0,152398.0,112416.0,112416.0,,39982.0,,,,69486.0,,,,48982.0,,5132.0,45881.0,,,3584.0,0.0,3584.0,,,,77403.0,0.0,368586.0,77403.0,61684.0,,,10030.0,,,,0.0,-179.97,,0.21,,0.5,,,,,,,,,,,,,,,,0.0,,,,,-7868.0,,,31410.0,,,,,,,,82792.0,,,,0.0,,,,,384858.0,0.0,205116.0,,,3584.0,,,,,31949.0,0.0,-31949.0,-46616903.0,-82792.0,,2160.0,2160.0,46534111.0,-82792.0,,,,2160.0,,,,,31949.0,,,0.0,0.0,,24081.0,,,,,-128726463.0,,46500000.0,,,46500000.0,,,,,,-384858.0,,,51753097.0,,,,,,,,10030.0,,46500000.0,,,,259022.0,0.0,46534111.0
2021-03-31,2021-04-20,10-Q,"Cloudweb, Inc.",CLOW,CIK0001619227,USD,56162.0,,,,116695.0,-96216.0,,0.0,,,,600.0,0.0,0.0,,,0.0,0.0,,,,,,,0.0,500000000.0,63140557.0,63140557.0,128437821.0,,,,152995.0,113013.0,113013.0,,,39982.0,,,,69486.0,,,,,,,51254.0,,,2987.0,2987.0,,,,,,,,,65441.0,,,,,,,16300.0,0.0,,,,,,,,,,,,,,,,,,,,0.0,,,,,753.0,,,9130.0,,,,,,,,9730.0,,,,0.0,,,,,411638.0,0.0,231299.0,,,-2987.0,,,,,16300.0,0.0,-16300.0,-26780.0,,,67326.0,2160.0,17050.0,,,,,113013.0,9730.0,,,,0.0,,,,16300.0,,17050.0,,,,,-128753243.0,,,,,0.0,,,,,,-411638.0,,,57827097.0,,,,,,,,,,,,,,63140557.0,,
2021-06-30,2021-08-12,10-Q,"Cloudweb, Inc.",CLOW,CIK0001619227,USD,53662.0,,0.049,,125927.0,-96216.0,,,,,,,0.0,0.0,,,0.0,,,,,,,,0.0,500000000.0,63140557.0,63140557.0,128437821.0,,,,153595.0,153595.0,0.0,,,153595.0,,,,,,,,,,,,,,2384.0,2384.0,0.0,,,,,,,,69240.0,,,,,,,24100.0,0.0,,,,,,,,,,,,,,,,,,,,,,,,,,,,,,,,,,,,9832.0,,,,,,,,,426770.0,0.0,359444.0,,,2387.0,,,,,,,,-15132.0,,,67326.0,2160.0,5300.0,,,,,,9832.0,,,,,,,,,,5300.0,,,,,-128768375.0,,,,,0.0,,,,,,-426770.0,,,,,,,,,,,,,,,,,63140557.0,,
2021-09-30,2021-11-03,10-Q,"Cloudweb, Inc.",CLOW,CIK0001619227,USD,56839.0,,,,135260.0,-96216.0,,,,,,,0.0,0.0,,,0.0,,,,,,,,0.0,500000000.0,63140557.0,63140557.0,128437821.0,,,,154198.0,154198.0,0.0,,,154198.0,,,,,,,,,,,,,,1784.0,1784.0,0.0,,,,,,,,73080.0,,,0.0,,,,28480.0,0.0,,,,,,,,,,,,,,,,,,,,,,,,,,,,,,,,,,,,9933.0,,,,,,,,,444263.0,0.0,376937.0,,,1784.0,,,,,,,,-17493.0,,,67326.0,,7560.0,-9933.0,,,,2160.0,,,,,,,,,,,7560.0,,,,,-128785868.0,,0.0,,,,,,,,,-444263.0,,,,,,,,,,,,,,,,,63140557.0,,
2021-12-31,2022-03-11,10-K,"Cloudweb, Inc.",CLOW,CIK0001619227,USD,56109.0,,,,144593.0,-96216.0,155982.0,155982.0,,,,2400.0,0.0,0.0,,,0.0,,,,,,,,0.0,500000000.0,319385.0,319385.0,128437821.0,,,,154798.0,,0.0,0.0,,154798.0,,,,69486.0,,,,155982.0,,,67672.0,,,0.0,1184.0,,,,,125928.0,0.0,599656.0,125928.0,76921.0,,,0.0,,,,34960.0,-327.13,,0.21,,,,,,,,,,,,,,,,,,0.0,,,,,700.0,,,37028.0,,,,,,,,195410.0,,,,0.0,,,,,459946.0,0.0,392620.0,,,,,,,,34960.0,0.0,-34960.0,-104481070.0,,,2160.0,,34960.0,-195410.0,,,,,,,,,0.0,,,,34960.0,,35660.0,,,,,-233207533.0,,104250000.0,,,104250000.0,,,,,104250000.0,-459946.0,,,57827097.0,,,,,,,,,,,,,,319385.0,0.0,104285660.0
