end,filed,form,Name,Ticker,CIK,Currency,AccountsNotesAndLoansReceivableNetCurrent,AccountsPayable,AccountsPayableCurrent,AccountsPayableCurrentAndNoncurrent,AccountsReceivableRelatedParties,AdditionalPaidInCapital,AdjustmentsToAdditionalPaidInCapitalConvertibleDebtWithConversionFeature,AdjustmentsToAdditionalPaidInCapitalStockIssuedIssuanceCosts,AreaOfLand,Assets,AssetsCurrent,AssetsNoncurrent,BusinessAcquisitionSharePrice,CapitalUnitsAuthorized,CashAndCashEquivalentsAtCarryingValue,CashAndCashEquivalentsPeriodIncreaseDecrease,CashAndDueFromBanks,CashCashEquivalentsRestrictedCashAndRestrictedCashEquivalents,CashCashEquivalentsRestrictedCashAndRestrictedCashEquivalentsPeriodIncreaseDecreaseExcludingExchangeRateEffect,CommonStockParOrStatedValuePerShare,CommonStockSharesAuthorized,CommonStockSharesIssued,CommonStockSharesOutstanding,CommonStockSharesSubscribedButUnissued,CommonStockSharesSubscribedButUnissuedValue,CommonStockValue,ComprehensiveIncomeNetOfTaxAttributableToNoncontrollingInterest,ConstructionInProgressGross,CostsAndExpenses,CurrentFederalTaxExpenseBenefit,CustomerDepositsCurrent,DebtInstrumentDecreaseForgiveness,DebtInstrumentIncreaseAccruedInterest,DeferredTaxAssetsCapitalLossCarryforwards,DeferredTaxAssetsGross,DeferredTaxAssetsOperatingLossCarryforwards,DeferredTaxAssetsValuationAllowance,DeferredTaxAssetsValuationAllowanceCurrent,DiscontinuedOperationGainLossOnDisposalOfDiscontinuedOperationNetOfTax,DueFromRelatedParties,DueFromRelatedPartiesCurrent,DueToRelatedPartiesCurrent,DueToRelatedPartiesCurrentAndNoncurrent,EarningsPerShareBasicAndDiluted,EarningsPerShareDilutedUndistributed,EffectiveIncomeTaxRateReconciliationAtFederalStatutoryIncomeTaxRate,EquityMethodInvestmentAggregateCost,EquityMethodInvestmentOwnershipPercentage,EquityMethodInvestments,ExplorationExpense,GainOrLossOnSaleOfStockInSubsidiary,GainsLossesOnExtinguishmentOfDebt,GeneralAndAdministrativeExpense,Goodwill,ImpairmentOfLeasehold,IncomeLossFromContinuingOperations,IncomeLossFromContinuingOperationsBeforeIncomeTaxesExtraordinaryItemsNoncontrollingInterest,IncomeLossFromContinuingOperationsBeforeInterestExpenseInterestIncomeIncomeTaxesExtraordinaryItemsNoncontrollingInterestsNet,IncomeLossFromDiscontinuedOperationsNetOfTax,IncomeTaxReconciliationChangeInDeferredTaxAssetsValuationAllowance,IncomeTaxReconciliationOtherReconcilingItems,IncreaseDecreaseInAccountsAndNotesReceivable,IncreaseDecreaseInAccountsPayable,IncreaseDecreaseInAccountsPayableAndAccruedLiabilities,IncreaseDecreaseInAccountsPayableRelatedParties,IncreaseDecreaseInCustomerDeposits,IncreaseDecreaseInDueFromRelatedParties,IncreaseDecreaseInDueToOfficersAndStockholders,IncreaseDecreaseInDueToRelatedParties,IncreaseDecreaseInInterestPayableNet,IncreaseDecreaseInInventories,IncreaseDecreaseInOtherAccountsPayable,IncreaseDecreaseInOtherAccountsPayableAndAccruedLiabilities,IncreaseDecreaseInOtherCurrentAssets,IncreaseDecreaseInOtherReceivables,IncreaseDecreaseInPrepaidExpense,IntangibleAssetsNetIncludingGoodwill,InterestExpense,InterestIncomeExpenseNet,InterestPaidNet,InterestPayableCurrent,InterestPayableCurrentAndNoncurrent,InventoryNet,InvestmentIncomeNet,LesseeOperatingLeaseLiabilityPaymentsDue,LesseeOperatingLeaseLiabilityPaymentsDueNextTwelveMonths,LesseeOperatingLeaseLiabilityPaymentsDueYearThree,LesseeOperatingLeaseLiabilityPaymentsDueYearTwo,Liabilities,LiabilitiesAndStockholdersEquity,LiabilitiesCurrent,LiabilitiesNoncurrent,LongTermDebt,LossContingencyDamagesSoughtValue,MarketingAndAdvertisingExpense,NetCashProvidedByUsedInFinancingActivities,NetCashProvidedByUsedInInvestingActivities,NetCashProvidedByUsedInOperatingActivities,NetIncomeLoss,NetIncomeLossAttributableToNoncontrollingInterest,NetIncomeLossAttributableToParentDiluted,NetIncomeLossAvailableToCommonStockholdersBasic,NoncontrollingInterestDecreaseFromDeconsolidation,NoncontrollingInterestIncreaseFromBusinessCombination,NonoperatingIncomeExpense,NotesPayable,NotesPayableRelatedPartiesCurrent,NotesReduction,OperatingExpenses,OperatingIncomeLoss,OperatingLeaseLiability,OperatingLeaseLiabilityCurrent,OperatingLeasePayments,OperatingLeaseRightOfUseAsset,OperatingLossCarryforwards,OtherAssets,OtherAssetsCurrent,OtherNoncashExpense,OtherNonoperatingIncome,OtherNonoperatingIncomeExpense,OtherReceivablesNetCurrent,PartnersCapitalIncludingPortionAttributableToNoncontrollingInterest,PaymentsToAcquireLand,PaymentsToAcquireMineralRights,PreferredStockParOrStatedValuePerShare,PreferredStockSharesAuthorized,PrepaidExpense,PrepaidTaxes,ProceedsFromBankDebt,ProceedsFromIssuanceOfCommonStock,ProceedsFromLoans,ProceedsFromOtherDebt,ProceedsFromOtherEquity,ProceedsFromRelatedPartyDebt,ProfessionalFees,ProfitLoss,RealEstateAssetsHeldForDevelopmentAndSale,RealEstateHeldForDevelopmentAndSale,RealEstateInvestments,RepaymentsOfBankDebt,RepaymentsOfRelatedPartyDebt,RestrictedCash,RestrictedCashCurrent,RetainedEarningsAccumulatedDeficit,Revenues,ShortTermBorrowings,StockholdersEquity,StockholdersEquityIncludingPortionAttributableToNoncontrollingInterest,StockIssued,StockIssuedDuringPeriodSharesConversionOfConvertibleSecurities,StockIssuedDuringPeriodValueConversionOfConvertibleSecurities,StockIssuedDuringPeriodValueNewIssues,TaxesExcludingIncomeAndExciseTaxes,UtilitiesOperatingExpenseImpairments,ValuationAllowanceDeferredTaxAssetChangeInAmount,WeightedAverageNumberOfShareOutstandingBasicAndDiluted,WeightedAverageNumberOfSharesOutstandingBasic
2008-09-30,2009-01-13,10-K,Ameritrust Corporation,ATCC,CIK0001372954,USD,,,,,,,,,,,,,,,,,,,,,,,,,,,,,,,,,,,,,,,,,,,,,,,,,,,,,,,,,,,,,,,,,,,,,,,,,,,,,,,,,,,,,,,,,,,,,,,,,,,,,,,,,,,,,,,,,,,,,,,,,,,,,,,,,,,,,,,,-75751.0,,,,,,,,,,,,-72516.0,,,,,,,,,
2009-09-30,2010-01-13,10-K,Ameritrust Corporation,ATCC,CIK0001372954,USD,,,,,,,,,,,,,,,1572.0,,,,,,,,,,,,,,,,,,,,,,,,,,,,,,,,,,,,,,,,,,,,,,,,,,,,,,,,,,,,,,,,,,,,,,,,,,,,,,,,,,,,,,,,,,,,,,,,,,,,,,,,,,,,,,,,,,,,,,,,,-126550.0,,,,,,,,,,,,-199066.0,,,,,,,,,
2010-06-30,2010-08-20,10-Q,Ameritrust Corporation,ATCC,CIK0001372954,USD,,,,,,,,,,,,,,,103344.0,,,,,,,,,,,,,,,,,,,,,,,,,,,,,,,,,,,,,,3673.0,,,-20167.0,,-18756.0,-8585.0,,,,,,,,,,,,,,,,,,,-1411.0,,,,,,,,,,,,,,,,,495.0,,,,-28752.0,85.0,-28667.0,,,,,,,,18756.0,,,,,,,,,,,,,,,,,,,,,,,,,,14588.0,,,,,,,,,,,,,,,,,,,,,,96525000.0
2010-09-30,2011-01-12,10-K,Ameritrust Corporation,ATCC,CIK0001372954,USD,,171.0,,,,-32775.0,,,,30023.0,30023.0,,,,10252.0,8680.0,,,,,,,,273740.0,273740.0,96775.0,-166.0,,,,,,,,,,,,-97920.0,,,,,0.0,0.0,,,,,32422.0,97920.0,,11559.0,,,-138665.0,,-133035.0,-16577.0,,,,-7379.0,,,,,5630.0,,,,4854.0,,,,-17989.0,,-5630.0,,,,,,,,,,,171.0,30023.0,171.0,,,,4610.0,166306.0,-30000.0,-127626.0,-57322.0,166.0,-57156.0,,936.0,,,,0.0,118846.0,133035.0,,,,,,,,,,,,,,,-30000.0,,,19771.0,,,,,11412.0,154894.0,,41944.0,-57322.0,,,,,,,,-307888.0,,,29852.0,29852.0,12500.0,,,12500.0,,42500.0,,,96575684.0
2010-12-31,2011-02-14,10-Q,Ameritrust Corporation,ATCC,CIK0001372954,USD,,,,,,,,,,,,,,,119286.0,109034.0,,,,,,,,,,,,,,,,,,,,,,,,,,,,0.0,,,,,,28113.0,,,6818.0,,,-109196.0,,-109196.0,,,,,-7.0,,,,,,,,,,,,,15463.0,,,,,,,,,,,,,,,,,,,13715.0,202760.0,-40000.0,-53726.0,-109196.0,,-109196.0,,,,,,,,109196.0,,,,,,,,,,,,,,,-40000.0,,,,,,46260.0,6500.0,,150000.0,,20550.0,,,,,,,,,,,,,,,,,,,40000.0,,,101854347.0
2011-06-30,2011-08-15,10-Q,Ameritrust Corporation,ATCC,CIK0001372954,USD,,189.0,,,,459975.0,,,,48807.0,48807.0,,,,37286.0,,,,,,,,,,106000.0,105025.0,,,,,,,,,,,,,,,,,,,,,,,,17190.0,,,3913.0,,,-39653.0,,-39653.0,,,,,,,,,,,,,,,,,,,,,,,,,,,,,,,6689.0,48807.0,6689.0,,,,,,,,-39653.0,,-39653.0,,,,,,6500.0,,39653.0,,,,,,,,,,,,,,,,,,11521.0,,,,,,,,18550.0,,,,,,,,,-628882.0,,,42118.0,,,,,,,,,,105025000.0
2011-09-30,2011-12-27,10-K,Ameritrust Corporation,ATCC,CIK0001372954,USD,,1269.0,,,,459975.0,,,,17260.0,17260.0,,,,7073.0,-3179.0,,,,,,,,106000.0,106000.0,105025.0,,,,,,,,,,,,,,,,,,0.0,,,,,,111218.0,0.0,,20517.0,,,-353621.0,,-353621.0,,,,,1098.0,,,,,,,,,,,,,9584.0,,,,,,,,,,,,,7769.0,17260.0,7769.0,,,,19565.0,308760.0,-90000.0,-221939.0,-353621.0,0.0,-353621.0,,,,,,6500.0,,353621.0,,,,,,,,,,,,,,,-90000.0,,,10187.0,,,196260.0,6500.0,,106000.0,,81321.0,-353621.0,,,,,,,,-661509.0,,,9491.0,9491.0,31000.0,,,227260.0,,121000.0,,,102845412.0
2011-12-31,2012-02-08,10-Q,Ameritrust Corporation,ATCC,CIK0001372954,USD,,1327.0,,,,571575.0,,,,11998.0,11998.0,,,,8560.0,1487.0,,,,,,,,,,117425.0,,,,,,,,,,,,,,,,,,0.0,,,,,,1000.0,,,3561.0,,,-23320.0,,-23320.0,,,,,-58.0,,,,,,,,,,,,,6749.0,,,,,,,,,,,,,7827.0,11998.0,7827.0,,,,195.0,17000.0,,-15513.0,-23320.0,,-23320.0,,,,,,6500.0,,23320.0,,,,,,,,,,,,,,,,,,3438.0,,,17000.0,,,,,17564.0,,,,,,,,,-684829.0,,,4171.0,,1000.0,,,,,1000.0,,,107457608.0
2019-09-30,2019-11-12,10-K,Ameritrust Corporation,ATCC,CIK0001372954,USD,,,5250.0,5250.0,,459270.0,-15000.0,,,0.0,,,,,,,,1217845.0,,0.001,400000000.0,267675000.0,267675000.0,,,267675.0,,,,7594.0,,,,150334.0,157667.0,157667.0,157667.0,92890.0,,,,1500.0,1500.0,-0.0002,,0.21,,,,,,,3768.0,,,,-36164.0,,,-7594.0,110223.0,,-10889.0,,-1500.0,,,,,549.0,,,,,,,,15755.0,,,549.0,549.0,,,,,,,25097.0,0.0,25097.0,,,,,33004.0,,-33004.0,-36164.0,,,,,,,17798.0,,,20409.0,-20409.0,,,,,752043.0,,,21161.0,,-15755.0,,,,,0.01,,,,,,,,,33004.0,16641.0,-36164.0,,,,,,,,-752042.0,,,-20396961.0,,,,21161.0,,,,,223291438.0,
2019-12-31,2020-02-11,10-Q,Ameritrust Corporation,ATCC,CIK0001372954,USD,,,1000.0,,,459270.0,,,,0.0,,,,,,,,,,0.001,400000000.0,267675000.0,267675000.0,,,267675.0,,,,810.0,,,910.0,150334.0,158477.0,158477.0,158477.0,810.0,,,,2000.0,,0.0,,,,,,,,,1142.0,,,,,,,-810.0,110223.0,,500.0,,-4250.0,,,,,361.0,,,,,,,,361.0,,,910.0,,,,,,,,28955.0,0.0,28955.0,,,,,7247.0,,-7247.0,-5183233.0,,,,,,,25045.0,,,3497.0,-3497.0,,,,,755900.0,,,,,,,,,,,,,,,,,,,7247.0,2355.0,-3858.0,,,,,,,,-755900.0,,,-25580194.0,,,,,,,,,276675000.0,
2020-03-31,2020-05-14,10-Q,Ameritrust Corporation,ATCC,CIK0001372954,USD,,,2427.0,,,459270.0,,,,,,,,,,,,14731184.0,,0.001,400000000.0,267675000.0,267675000.0,,,267675.0,,,2469200.0,,,,,150334.0,158995.0,158995.0,158995.0,810.0,,,,2500.0,,0.0,,,,,,,,,592596.0,,,,-2649790.0,,,,,,,,,,,,,,,,,,,,,537.0,-2609852.0,,1447.0,,,,,,,,31419.0,,31419.0,,,,,,,,-2649790.0,,,,,,,25045.0,,,1927.0,-1927.0,,,,,758364.0,,,,21719.0,,,,,,,,,,,,,,,,1517.0,-2464.0,,,,,,,,-758364.0,2407543.0,,-28271348.0,,,,,,210131.0,,,276675000.0,
2020-06-30,2020-08-11,10-Q,Ameritrust Corporation,ATCC,CIK0001372954,USD,,,1159.0,,,459270.0,,,,,,,,,,,,10290222.0,,0.001,400000000.0,267675000.0,267675000.0,,,267675.0,,,1047298.0,,,,53115.0,150334.0,164056.0,164056.0,164056.0,231.0,,,,53115.0,,0.0,,,,,,,,,588492.0,,,,-1365239.0,,,,,,,,,,,,,,,,,,,,,,,,,,,3483290.0,,,,,54274.0,,54274.0,,,,,,,,-1365239.0,,,,,,31988.0,,,,54843.0,-54843.0,,,,,781219.0,,,,,58664.0,,,,,,,,,,,,,,,53015.0,-22855.0,,,,,,,,-781219.0,952670.0,,-26636587.0,,,,,,227420.0,,,276675000.0,
2020-09-30,2021-02-12,10-K,Ameritrust Corporation,ATCC,CIK0001372954,USD,238914.0,,77328377.0,24754.0,5992.0,4782993.0,,,23.45,612251996.0,580631089.0,31620907.0,,,4006230.0,2551600.0,4006230.0,16270247.0,,0.01,,26767818.0,26767818.0,,,14738395.0,,66334921.0,,195056.0,54495369.0,31988.0,,,231785.0,231785.0,231785.0,,,5992.0,5992.0,53735244.0,,-0.0036,,0.26,,,1532591.0,,,31988.0,35210.0,786136.0,,,-750217.0,,,-195056.0,,,4517.0,,-1500.0,,-78566.0,,,-549.0,,,,,,,6590948.0,205.0,,1447.0,,,19686.0,,50715.0,17388.0,15939.0,17388.0,645388121.0,612251996.0,627254510.0,18133611.0,18133611.0,500000.0,,,3252771.0,-701171.0,-750217.0,,,,,4168539.0,,,,,782000.0,-782000.0,50715.0,50715.0,1449.0,50715.0,900484.0,65000.0,65000.0,,,31783.0,261489496.0,-33136125.0,766210.0,,0.01,,,6547331.0,,,,,,,,-750217.0,279327231.0,212992310.0,23497368.0,,,12264017.0,12264017.0,-52657513.0,,197435884.0,-33136125.0,,,,,,,,76459.0,207777313.0,
2020-12-31,2021-05-20,10-Q,Ameritrust Corporation,ATCC,CIK0001372954,USD,336237.0,,65483789.0,,,11782993.0,,7000000.0,,661201436.0,630081729.0,31119707.0,,,11601437.0,,11601437.0,23901476.0,7631229.0,0.01,,,,,,14738395.0,,66579305.0,1902617.0,,53191534.0,,,,,,,,,,180392527.0,262159709.0,,,,,1532591.0,,1532591.0,,,,1185364.0,,,,12815580.0,,,,,97323.0,,,,-1303835.0,180386535.0,,-208424464.0,,,,-163160161.0,,-142061329.0,,6567378.0,,-2994033.0,,,,19686.0,,,,,,674442161.0,661201436.0,662909417.0,11532744.0,11532744.0,,,417060676.0,,-409429447.0,12815580.0,,,12815580.0,,,,,,,388494.0,,,50715.0,,50715.0,,,65000.0,,59407.0,,119428167.0,-13240725.0,,,,,,7371583.0,270000000.0,,,,,203480676.0,,,292414984.0,225835679.0,23019738.0,63420000.0,,12300039.0,12300039.0,-39762113.0,17652823.0,200974910.0,-13240725.0,,,,,,1010561.0,,,,
2021-03-31,2021-06-08,10-Q,Ameritrust Corporation,ATCC,CIK0001372954,USD,563432.0,,67602455.0,,,11782993.0,,,,660078995.0,622476444.0,37602551.0,,,8743735.0,,8743735.0,21285661.0,,0.01,,,,,,14738395.0,,66579304.0,4514945.0,,60630713.0,,,,,,,,,,178385320.0,263890877.0,,,,,1532591.0,,1532591.0,,,,777919.0,,,,-976989.0,,,,,,,,,,,,,,,,,,,,6543809.0,,-3699628.0,,,,19686.0,,,,,,674891415.0,660078995.0,666313506.0,8577909.0,8577909.0,,,,,,-976989.0,,,,,,,,,,,,,50715.0,,50715.0,,,65000.0,,284965.0,,121791514.0,-14812420.0,,,,,,2826133.0,,,,,,,,,285266643.0,218687339.0,29526151.0,,,12606926.0,12606926.0,-41333808.0,6952619.0,196486245.0,-14812420.0,,,,,,377912.0,,,,
2021-06-30,2021-09-08,10-Q,Ameritrust Corporation,ATCC,CIK0001372954,USD,259209.0,,53999700.0,,,11782993.0,,,,689000200.0,651114012.0,37886188.0,,,7210786.0,,7210786.0,7555837.0,,0.01,,,,,,14738395.0,,66194671.0,1284742.0,,65776859.0,,,,,,,,,,35620102.0,75221873.0,,,,,1532591.0,,1532591.0,,,,636269.0,,,,-5705011.0,,,,,,,,,,,,,,,,,,,,6520239.0,,,,,,19686.0,,,,,,709451619.0,689000200.0,703310529.0,6141090.0,6141090.0,,,,,,-5705011.0,,,,,,,,,,,,,50715.0,,,,,8706317.0,,,-23728.0,299645866.0,-20451419.0,,,,,,,,,,,,,,,283140220.0,216945549.0,29833358.0,,,345051.0,345051.0,-46972807.0,1256841.0,204222762.0,-20451419.0,,,,,,274981.0,,,,
