end,filed,form,Name,Ticker,CIK,Currency,AccountsPayableAndAccruedLiabilities,AccountsPayableAndAccruedLiabilitiesCurrent,AccountsPayableAndAccruedLiabilitiesCurrentAndNoncurrent,AccountsPayableCurrent,AccretionExpense,AdditionalPaidInCapital,AmortizationOfDebtDiscountPremium,Assets,AssetsCurrent,BusinessAcquisitionsProFormaNetIncomeLoss,Capital,Cash,CashAndCashEquivalentsAtCarryingValue,CashAndCashEquivalentsPeriodIncreaseDecrease,CashEquivalentsAtCarryingValue,CommonStockNoParValue,CommonStockParOrStatedValuePerShare,CommonStockSharesAuthorized,CommonStockSharesIssued,CommonStockSharesOutstanding,CommonStockValue,ConvertibleNotesPayable,ConvertibleNotesPayableCurrent,CostsAndExpenses,CostsAndExpensesRelatedParty,CurrentIncomeTaxExpenseBenefit,DebtInstrumentDecreaseForgiveness,DebtInstrumentFaceAmount,DebtInstrumentInterestRateStatedPercentage,DebtInstrumentUnamortizedDiscount,DeferredTaxAssetsNet,DeferredTaxAssetsOperatingLossCarryforwards,DeferredTaxAssetsValuationAllowance,DevelopmentStageEnterpriseDeficitAccumulatedDuringDevelopmentStage,DueFromOfficersOrStockholdersCurrent,DueFromRelatedPartiesCurrent,DueToRelatedPartiesCurrent,DueToRelatedPartiesCurrentAndNoncurrent,EarningsPerShareBasic,EarningsPerShareBasicAndDiluted,EffectiveIncomeTaxRateContinuingOperations,EffectiveIncomeTaxRateReconciliationAtFederalStatutoryIncomeTaxRate,EffectOfExchangeRateOnCashAndCashEquivalents,EffectOfExchangeRateOnCashAndCashEquivalentsContinuingOperations,GainLossOnFairValueHedgeIneffectivenessNet,GeneralAndAdministrativeExpense,IncomeLossFromContinuingOperationsBeforeIncomeTaxesExtraordinaryItemsNoncontrollingInterest,IncomeLossFromContinuingOperationsBeforeInterestExpenseInterestIncomeIncomeTaxesExtraordinaryItemsNoncontrollingInterestsNet,IncomeTaxExpenseBenefit,IncomeTaxesPaidNet,IncomeTaxReconciliationChangeInEnactedTaxRate,IncomeTaxReconciliationIncomeTaxExpenseBenefitAtFederalStatutoryIncomeTaxRate,IncreaseDecreaseInAccountsPayableAndAccruedLiabilities,IncreaseDecreaseInAccountsPayableRelatedParties,IncreaseDecreaseInAccruedInvestmentIncomeReceivable,IncreaseDecreaseInAccruedLiabilities,IncreaseDecreaseInAccruedLiabilitiesAndOtherOperatingLiabilities,IncreaseDecreaseInDueFromRelatedParties,IncreaseDecreaseInDueToRelatedPartiesCurrent,InterestExpense,InterestPaid,Liabilities,LiabilitiesAndStockholdersEquity,LiabilitiesCurrent,LoansAndLeasesReceivableRelatedParties,LoansAndLeasesReceivableRelatedPartiesPeriodIncreaseDecrease,LoansPayableCurrent,MembersEquity,NetCashProvidedByUsedInFinancingActivities,NetCashProvidedByUsedInInvestingActivities,NetCashProvidedByUsedInOperatingActivities,NetIncomeLoss,NetIncomeLossIncludingPortionAttributableToNonredeemableNoncontrollingInterest,NondebtorReorganizationItemsNetGainLossOnSettlementOfOtherClaims1,NonoperatingIncomeExpense,NotesPayable,NotesPayableCurrent,OperatingExpenses,OperatingIncomeLoss,OperatingLossCarryforwards,OtherExpenses,OtherGeneralAndAdministrativeExpense,PreferredStockParOrStatedValuePerShare,PreferredStockSharesAuthorized,PreferredStockSharesIssued,PreferredStockSharesOutstanding,PreferredStockValue,PreferredUnitsIssued,ProceedsFromContributedCapital,ProceedsFromIssuanceOfCommonStock,ProceedsFromOtherDebt,ProceedsFromRelatedPartyDebt,ProfessionalFees,ProfitLoss,RelatedPartyTransactionDueFromToRelatedParty,RelatedPartyTransactionDueFromToRelatedPartyCurrent,RelatedPartyTransactionExpensesFromTransactionsWithRelatedParty,RetainedEarningsAccumulatedDeficit,Revenues,ServicingLiabilityAtAmortizedValueBalance,ShareBasedCompensation,ShareBasedCompensationArrangementByShareBasedPaymentAwardOptionsGrantsInPeriod,SharesOutstanding,StockholdersEquity,StockholdersEquityIncludingPortionAttributableToNoncontrollingInterest,StockIssuedDuringPeriodSharesNewIssues,StockIssuedDuringPeriodValueIssuedForCash,StockIssuedDuringPeriodValueNewIssues,StockIssuedDuringPeriodValueOther,StockRepurchasedAndRetiredDuringPeriodValue,TreasuryStockValueRetiredCostMethod,UnrecognizedTaxBenefitsResultingInNetOperatingLossCarryforward,ValuationAllowanceDeferredTaxAssetChangeInAmount,WeightedAverageNumberOfShareOutstandingBasicAndDiluted,WeightedAverageNumberOfSharesIssuedBasic,WeightedAverageNumberOfSharesOutstandingBasic,CashCashEquivalentsRestrictedCashAndRestrictedCashEquivalentsPeriodIncreaseDecreaseIncludingExchangeRateEffect,IncreaseDecreaseInPrepaidExpense,OtherLoansPayable,PrepaidExpenseCurrentAndNoncurrent,RestrictedCashEquivalents,StockIssuedDuringPeriodValueConversionOfConvertibleSecurities
2012-10-31,2012-12-04,10-Q,"CGS INTERNATIONAL, INC.",CGSI,CIK0001552358,USD,2250.0,,,,,4940.0,,,2645.0,,290.0,2645.0,2645.0,-4355.0,,0.001,0.001,75000000.0,7760000.0,7760000.0,7760.0,,,60.0,,0.0,,,,,,,,-12990.0,,,,,0.0,,,,,,,3000.0,,-5250.0,,,,,,,,,-4000.0,,,,,,2645.0,2935.0,,,,,5200.0,,-9555.0,-5250.0,,,,,,5250.0,,,,,,,,,,,,5200.0,,,2250.0,,685.0,,,12990.0,,,,,,-290.0,,,,,,,,,,,,7576304.0,,,,,,
2013-01-31,2013-03-01,10-Q,"CGS INTERNATIONAL, INC.",CGSI,CIK0001552358,USD,5049.0,,,,,4940.0,,,395.0,,5339.0,395.0,395.0,,,0.001,0.001,75000000.0,7760000.0,7760000.0,7760.0,,,,,0.0,,,,,,,,-18039.0,,,,,0.0,,,,,,,2799.0,,-5049.0,,,,,,,,,,,,,,,395.0,5734.0,,,,,,,,-5049.0,,,,,,5049.0,,,,,,,,,,,,,,,2250.0,,685.0,,,18039.0,,,,,,-5339.0,,,,,,,,,,,,7760760.0,,,,,,
2013-04-30,2013-08-28,10-K,"CGS INTERNATIONAL, INC.",CGSI,CIK0001552358,USD,,,9599.0,,,4940.0,,,395.0,,10367.0,395.0,395.0,-6605.0,395.0,0.001,0.001,150000000.0,7760000.0,7760000.0,7760.0,,,537.0,537.0,,,,,,0.0,,,-23067.0,-10367.0,1163.0,,,0.0,0.0,,,,,,6692.0,,,,,,,,,,3350.0,3349.0,,,,,,395.0,10762.0,1163.0,,,-23067.0,5200.0,,-11805.0,-15692.0,,,,,,15692.0,,,,,,,,,,,,5200.0,,,9000.0,-15692.0,1163.0,1163.0,,23067.0,,,,,,-10367.0,-10367.0,,,5200.0,,,,23067.0,,,7648164.0,7648164.0,,,,,,
2013-07-31,2013-09-13,10-Q,"CGS INTERNATIONAL, INC.",CGSI,CIK0001552358,USD,,,17849.0,,,4940.0,,,95.0,,18917.0,95.0,395.0,-300.0,94.0,0.001,0.001,75000000.0,7760000.0,7760000.0,7760.0,,,,0.0,0.0,,,,,,,,-31617.0,,1163.0,,,0.0,0.0,,,395.0,,,6000.0,,,,,,,,,8250.0,,8250.0,,,,,,95.0,19012.0,,,,,0.0,,-300.0,-8550.0,,,,,,8550.0,,,8550.0,,,,,,,,,0.0,,,2550.0,-8550.0,,,,31617.0,,,,,,-18917.0,,,,,,,,,,,7760000.0,7760000.0,,,,,,
2013-10-31,2013-12-12,10-Q,"CGS INTERNATIONAL, INC.",CGSI,CIK0001552358,USD,,,11849.0,,,4940.0,,,4397.0,,24369.0,4397.0,4397.0,4002.0,4397.0,,0.001,150000000.0,7760000.0,7760000.0,7760.0,,,5000.0,,0.0,,,,,,,,-37069.0,,,,,0.0,,,,,,,952.0,,,,,,,,,,,2250.0,,,,,,4397.0,28766.0,25685.0,10754.0,,,10754.0,,-6752.0,-5452.0,,,,,,5452.0,,,,,,,,,,,,,,,4500.0,,,16917.0,,37069.0,0.0,,,,,-24369.0,,,,,,,,,,,,7760000.0,,,,,,
2014-01-31,2014-03-21,10-Q,"CGS INTERNATIONAL, INC.",CGSI,CIK0001552358,USD,,,5891.0,,,26655.0,,,0.0,,31576.0,0.0,0.0,,0.0,,0.001,150000000.0,760000.0,760000.0,760.0,,,,,0.0,,,,,,,,-58991.0,,,,,-0.01,,,,,,,9846.0,,,,,,,,,,,,,,,,,0.0,31576.0,,,,,,,,-21922.0,,,,,,21922.0,,,,,,,,,,,,,,,12076.0,-21922.0,,25685.0,,58991.0,0.0,,,,,-31576.0,,,,,,,,,,,,4412174.0,,,,,,
2014-04-30,2014-07-29,10-K,"CGS INTERNATIONAL, INC.",CGSI,CIK0001552358,USD,,8944.0,8944.0,,,26655.0,,,0.0,,,0.0,,-395.0,,,0.001,75000000.0,760000.0,760000.0,760.0,,,,41377.0,,14715.0,,,,0.0,,,,-37029.0,,,,-0.01,,,,,395.0,,17495.0,,,,,,,,,,-655.0,,,,,,37029.0,0.0,37029.0,,,28085.0,-64444.0,14715.0,,-15110.0,-41377.0,,,,,,41377.0,,,,,,,,,,,,14715.0,,,23882.0,-41377.0,28085.0,,26922.0,-64444.0,,,,,,-37029.0,-37028.0,,,,,,0.0,,,,5094247.0,5094247.0,,,,,,
2014-07-31,2014-09-08,10-Q,"CGS INTERNATIONAL, INC.",CGSI,CIK0001552358,USD,,,8542.0,,,26655.0,,,0.0,,,0.0,,0.0,0.0,,0.001,75000000.0,760000.0,760000.0,760.0,,,,13143.0,0.0,,,,,,,,,-49770.0,,,,-0.02,,,,0.0,,-12741.0,1097.0,,,,,,,,,-402.0,-402.0,,,,,,,0.0,49770.0,,,,-77185.0,0.0,,0.0,-12742.0,,,,,,12742.0,,,12741.0,,,,,,,,,0.0,,,11645.0,-12742.0,41228.0,,13143.0,,,,,,,-49770.0,,,,,,,,,,,760000.0,760000.0,,,,,,
2014-10-31,2014-12-15,10-Q,"CGS INTERNATIONAL, INC.",CGSI,CIK0001552358,USD,,,10835.0,,,26655.0,,,0.0,,,0.0,,,0.0,,0.001,75000000.0,760000.0,760000.0,760.0,,,,,0.0,,,,,,,,,-53863.0,,,,-0.01,,,,,,,498.0,,,,,,,,,,,,,,,,,0.0,53863.0,,,,-81278.0,,,,-4092.0,,,,,,4093.0,,,,,,,,,,,,,,,3595.0,-4093.0,43028.0,,,,0.0,,,,,-53863.0,,,,,,,,,,,,760000.0,,,,,,
2015-01-31,2015-03-17,10-Q,"CGS INTERNATIONAL, INC.",CGSI,CIK0001552358,USD,,,6471.0,,,26655.0,,,0.0,,,0.0,,,0.0,,0.001,75000000.0,760000.0,760000.0,760.0,,,,,0.0,,,,,,,,,-57538.0,,,,0.0,,,,,,,617.0,,,,,,,,,,,,,,,,,0.0,57538.0,,,,-84953.0,,,,,,,,,,3675.0,,,,,,,,,,,,,,,3058.0,-3675.0,51067.0,,,,0.0,,,,,,,,,,,,,,,,,760000.0,,,,,,
2015-04-30,2015-07-29,10-K,"CGS INTERNATIONAL, INC.",CGSI,CIK0001552358,USD,,5670.0,,,,26655.0,,,,,,,0.0,,,,0.001,75000000.0,760000.0,760000.0,760.0,,,,,,,,,,0.0,,,,,,,,-0.03,,,,,,,3022.0,,,,,,,,,,-3274.0,,,,,,62088.0,0.0,62088.0,,,56418.0,,,,,-25060.0,,,,,,25060.0,,,,,,,,,,,,,,,22038.0,-25060.0,,,28334.0,-89503.0,,,,,,,-62089.0,,,,,,,,,,,760000.0,,,,,,
2015-07-31,2015-09-04,10-Q,"CGS INTERNATIONAL, INC.",CGSI,CIK0001552358,USD,,9415.0,,,,26655.0,,,,,,,,,,,0.001,75000000.0,760000.0,760000.0,760.0,,,,,,,,,,,,,,,,,,-0.02,,,,,,,1668.0,,,,,,,,,,3745.0,,,,,,74310.0,,74310.0,,,64895.0,,,,,-12222.0,,,,,,12222.0,,,,,,,,,,,,,,,10554.0,-12222.0,,,8477.0,-101725.0,,,,,,,-74310.0,,,,,,,,,,,760000.0,,,,,,
2015-10-31,2015-12-11,10-Q,"CGS INTERNATIONAL, INC.",CGSI,CIK0001552358,USD,,13245.0,,,,26655.0,,,,,,,,,,,0.001,75000000.0,760000.0,760000.0,760.0,,,,,,,,,,,,,,,,,,-0.01,,,,,,,469.0,,,,,,,,,,,,,,,,79990.0,,79990.0,,,66745.0,,,,,,,,,,,5680.0,,,,,,,,,,,,,,,5211.0,-5680.0,,,,-107405.0,,,,,,,-79990.0,,,,,,,,,,,760000.0,,,,,,
2016-01-31,2016-03-10,10-Q,"CGS INTERNATIONAL, INC.",CGSI,CIK0001552358,USD,,9714.0,,,,26655.0,,,,,,,,,,,0.001,75000000.0,760000.0,760000.0,760.0,,,,,,,,,,,,,,,,,,-0.01,,,,,,,945.0,,,,,,,,,,,,,,,,86082.0,,86082.0,,,76368.0,,,,,,,,,,,6092.0,,,,,,,,,,,,,,,5147.0,-6092.0,,,,-113497.0,,,,,,,-86082.0,,,,,,,,,,,760000.0,,,,,,
2016-04-30,2016-08-15,10-K,"CGS INTERNATIONAL, INC.",CGSI,CIK0001552358,USD,,10358.0,,,4688.0,26655.0,,,0.0,,,,0.0,0.0,,,0.001,150000000.0,760000.0,760000.0,760.0,,,,,,,,,,0.0,120091.0,-42032.0,,,,82318.0,,-0.04,-0.04,0.35,,,,,3926.0,,,0.0,0.0,,,,25900.0,,4688.0,,,,,0.0,92676.0,0.0,92676.0,,,82318.0,,,,0.0,-30588.0,-30588.0,,,,,30588.0,,,,3926.0,,,,,,,,,,,26662.0,-30588.0,,,25900.0,-120091.0,0.0,,,,,-92676.0,-92676.0,,,,,,,,,760000.0,,760000.0,,,,,,
2016-07-31,2016-09-06,10-Q,"CGS INTERNATIONAL, INC.",CGSI,CIK0001552358,USD,,14374.0,,,4016.0,26655.0,,,,,,,0.0,0.0,,,0.001,75000000.0,760000.0,760000.0,760.0,,,,,,,,,,,,,,,,,,-0.01,0.01,,,,,,800.0,,,0.0,0.0,,,,0.0,,4016.0,,,,,0.0,96692.0,,96692.0,,,82318.0,,,,,-4016.0,,,,,,4016.0,,,,800.0,,,,,,,,,,,3216.0,-4016.0,,,0.0,-124107.0,0.0,,,,,,-96692.0,,,,,,,,,760000.0,,760000.0,,,,,,
2016-10-31,2016-12-15,10-Q,"CGS INTERNATIONAL, INC.",CGSI,CIK0001552358,USD,,13326.0,,,,26655.0,,,,,,,0.0,,,,0.001,75000000.0,760000.0,760000.0,760.0,,,,,,,,,,,,,,,,,,-0.01,0.0,,,,,,1264.0,,,0.0,,,,,,,,,,,,,107273.0,,107273.0,,,93947.0,,,,,-10582.0,,,,,,10582.0,,,,,,,,,,,,,,,9318.0,-10582.0,,,,-134688.0,,,,,,,-107273.0,,,,,,,,,76000000.0,,760000.0,,,,,,
2017-01-31,2017-03-13,10-Q,"CGS INTERNATIONAL, INC.",CGSI,CIK0001552358,USD,,11884.0,,,,26655.0,,,,,,,0.0,,,,0.001,75000000.0,760000.0,760000.0,760.0,,,,,,,,,,,,,,,,,,-0.01,0.0,,,,,,757.0,,,,,,,,,,,,,,,,112581.0,,112581.0,,,100697.0,,,,,-5308.0,,,,,,5308.0,,,,,,,,,,,,,,,4551.0,-5308.0,,,,-139996.0,,,,,,,-112581.0,,,,,,,,,76000000.0,,760000.0,,,,,,
2017-04-30,2017-09-28,10-K,"CGS INTERNATIONAL, INC.",CGSI,CIK0001552358,USD,,18270.0,,,7912.0,-48585.0,,0.0,0.0,,,,0.0,0.0,,,0.001,300000000.0,76000000.0,76000000.0,76000.0,,,,,,,,,,0.0,147382.0,-51584.0,,,,101697.0,101697.0,,0.0,0.35,0.35,,,,27291.0,-27291.0,,0.0,0.0,0.0,-51584.0,7912.0,19379.0,,,,,,,0.0,119967.0,0.0,119967.0,,,,,19379.0,,-19379.0,-27291.0,-27291.0,,,,,27291.0,,198000.0,,3178.0,0.001,75000000.0,0.0,0.0,0.0,,,,,19379.0,24113.0,-27291.0,,,,-147382.0,0.0,,0.0,0.0,,-119967.0,-119967.0,,,,,,,,-51584.0,76760000.0,,,,,,,,
2017-07-31,2017-10-16,10-Q,"CGS INTERNATIONAL, INC.",CGSI,CIK0001552358,USD,,14530.0,,,-3741.0,26655.0,,,0.0,,,,0.0,0.0,,,0.001,150000000.0,760000.0,760000.0,760.0,,,,,,,,,,,,,,,,127461.0,,,0.0,,,,,,18605.0,,,0.0,0.0,,,-3741.0,25764.0,,,,,,,0.0,,0.0,141990.0,,,,,25764.0,,-25764.0,-22023.0,-22023.0,,,,,22023.0,-22023.0,,,18605.0,,,,,,,,,,25764.0,3418.0,-22023.0,,,,-169405.0,0.0,,,,,-141990.0,-141990.0,,,,,,,,,76760000.0,,,,,,,,
2017-10-31,2019-04-11,10-Q,"CGS INTERNATIONAL, INC.",CGSI,CIK0001552358,USD,,10574.0,,,,-48585.0,,0.0,,,,,0.0,,,,0.001,300000000.0,76000000.0,76000000.0,76000.0,,,,,,,,,,,,,,,,,151452.0,,0.0,,,,,,1840.0,,,0.0,,,,,,,,,,,,,162026.0,0.0,,,,,,,,,-20036.0,-20036.0,,,,,20036.0,-20036.0,,,,0.001,75000000.0,0.0,0.0,0.0,,,,,,18196.0,,,,,-189441.0,,,,,,-162026.0,-162026.0,,,,,,,,,76000000.0,,,,,,,,
2018-01-31,2019-04-11,10-Q,"CGS INTERNATIONAL, INC.",CGSI,CIK0001552358,USD,,5703.0,,,,1415.0,,0.0,,,,,0.0,,,,0.001,300000000.0,26000000.0,26000000.0,26000.0,,,,,,,,,,,,,,,,,164348.0,,0.0,,,,,,2150.0,,,,,,,,,,,,,,,,170051.0,0.0,,,,,,,,,-8025.0,-8025.0,,,,,8025.0,-8025.0,,,,0.001,75000000.0,0.0,0.0,0.0,,,,,,5875.0,,,,,-197466.0,,,,,,-170051.0,-170051.0,,,,,0.0,,,,36869565.0,,,,,,,,
2018-04-30,2021-02-25,10-K,"CGS INTERNATIONAL, INC.",CGSI,CIK0001552358,USD,,6253.0,,6253.0,,1415.0,,0.0,,,,,0.0,0.0,,,0.001,300000000.0,26000000.0,26000000.0,26000.0,,,,,,,,,,0.0,41583.0,41583.0,,,,164348.0,164348.0,,0.0,,0.304,,,,22770.0,-50634.0,,0.0,0.0,25394.0,-15393.0,-12017.0,,,,,,,0.0,0.0,170601.0,0.0,170601.0,,,,,62651.0,0.0,-62651.0,-50634.0,-50634.0,,0.0,,0.0,50634.0,-50634.0,233000.0,,,0.001,75000000.0,0.0,0.0,0.0,,,,,62651.0,27864.0,-50634.0,,,,-198016.0,0.0,,0.0,0.0,,-170601.0,-170601.0,,,,,0.0,,,10001.0,53945205.0,,,,,,,,
2018-07-31,2021-06-08,10-Q,"CGS INTERNATIONAL, INC.",CGSI,CIK0001552358,USD,,,,6253.0,,1415.0,,0.0,,,,,0.0,0.0,,,0.001,300000000.0,26000000.0,26000000.0,26000.0,,,,,,,,,,,,,,,,164348.0,164348.0,,0.0,,,,,,0.0,,,,0.0,,,0.0,,,,,,,0.0,0.0,170601.0,0.0,170601.0,,,,,0.0,0.0,0.0,0.0,0.0,,0.0,,,0.0,0.0,,,,0.001,75000000.0,0.0,0.0,,,,,,0.0,0.0,0.0,,,,-198016.0,0.0,,,,,-170601.0,-170601.0,,,,,,,,,76000000.0,,,,,,,,
2018-10-31,2021-06-08,10-Q,"CGS INTERNATIONAL, INC.",CGSI,CIK0001552358,USD,,,,5103.0,,-48585.0,,3582.0,,,,,3582.0,,,,0.001,300000000.0,76000000.0,76000000.0,76000.0,,,,,,,,,,,,,,,,170080.0,170080.0,,0.0,,,,,,100.0,,,,,,,,,,,,,,0.0,,175183.0,3582.0,175183.0,,,,,,,,-1000.0,-1000.0,,,,,1000.0,-1000.0,,,,0.001,75000000.0,0.0,0.0,0.0,,,,,,900.0,,,,,-199016.0,0.0,,,,,-171601.0,-171601.0,,,0.0,,,,,,34451613.0,,,,,,,,
2019-01-31,2021-06-08,10-Q,"CGS INTERNATIONAL, INC.",CGSI,CIK0001552358,USD,,,,7503.0,,-48585.0,,1960.0,,,,,1960.0,,,,0.001,300000000.0,76000000.0,76000000.0,76000.0,,,,,,,,,,,,,,,,170080.0,170080.0,,0.0,,,,,,0.0,,,,,,,,,,,,,,0.0,,177583.0,1960.0,177583.0,,,,,,,,-4022.0,-4022.0,,0.0,,,4022.0,-4022.0,,,,0.001,75000000.0,0.0,0.0,0.0,,,,,,4022.0,,,,,-203038.0,0.0,,,,,-175623.0,-175623.0,,,,,,,,,76000000.0,,,,,,,,
2019-04-30,2021-06-25,10-K,"CGS INTERNATIONAL, INC.",CGSI,CIK0001552358,USD,,5159.0,,,,0.0,,0.0,,,,,0.0,0.0,,,0.001,300000000.0,76000000.0,76000000.0,76000.0,,,,,,,,,,0.0,48857.0,48857.0,,,,170080.0,170080.0,,0.0,,,,,,2314.0,,,0.0,0.0,25394.0,-7274.0,-1094.0,,,,,,,641.0,0.0,205239.0,0.0,205239.0,,,,,35732.0,0.0,-35732.0,-34638.0,-34638.0,,-641.0,,30000.0,33997.0,-33997.0,242000.0,,,0.001,75000000.0,0.0,0.0,0.0,,,,30000.0,5732.0,31683.0,-34638.0,,,,-281239.0,0.0,,,,,-205239.0,-205239.0,,,0.0,,,,,-7274.0,59698630.0,,,,,,,,
2019-07-31,2021-07-29,10-Q,"CGS INTERNATIONAL, INC.",CGSI,CIK0001552358,USD,,10246.0,,,,0.0,,0.0,,,,,0.0,0.0,,,0.001,300000000.0,76000000.0,76000000.0,76000.0,,,,,,,30000.0,0.1,,,,,,,,170080.0,170080.0,,0.0,,,,,,70.0,,,,0.0,,,5087.0,,,,,,,756.0,0.0,210326.0,0.0,210326.0,,,,,0.0,0.0,0.0,-5087.0,-6928.0,,-756.0,,30000.0,4331.0,-4331.0,,,,0.001,75000000.0,0.0,0.0,0.0,0.0,,,,0.0,4261.0,-5087.0,,,,-286326.0,0.0,,,,,-210326.0,-212167.0,,,,,,,,,76000000.0,,,,,,,,
2019-10-31,2021-07-29,10-Q,"CGS INTERNATIONAL, INC.",CGSI,CIK0001552358,USD,,11002.0,,,,0.0,,0.0,,,,,0.0,,,,0.001,300000000.0,76000000.0,76000000.0,76000.0,,,,,,,30000.0,0.1,,,,,,,,170080.0,170080.0,,0.0,,,,,,0.0,,,,,,,,,,,,,,756.0,,211082.0,0.0,211082.0,,,,,,,,-756.0,-756.0,,-756.0,,30000.0,0.0,0.0,,,,0.001,75000000.0,0.0,0.0,0.0,0.0,,,,,0.0,,,,,-287082.0,0.0,,,,,-211082.0,-212923.0,,,,,,,,,76000000.0,,,,,,,,
2020-01-31,2021-07-29,10-Q,"CGS INTERNATIONAL, INC.",CGSI,CIK0001552358,USD,,11758.0,,,,0.0,,0.0,,,,,0.0,,,,0.001,300000000.0,76000000.0,76000000.0,76000.0,,,,,,,30000.0,0.1,,,,,,,,170080.0,170080.0,,0.0,,,,,,0.0,,,,,,,,,,,,,,756.0,,211838.0,0.0,211838.0,,,,,,,,-756.0,-756.0,,-756.0,,30000.0,0.0,0.0,,,,0.001,75000000.0,0.0,0.0,0.0,0.0,,,,,0.0,,,,,-287838.0,0.0,,,,,-211838.0,-213679.0,,,,,,,,,76000000.0,,,,,,,,
2020-04-30,2021-08-03,10-K,"CGS INTERNATIONAL, INC.",CGSI,CIK0001552358,USD,,12498.0,,,,0.0,,0.0,,,,0.0,0.0,0.0,,,0.001,300000000.0,76000000.0,76000000.0,76000.0,,,,,,,,,,0.0,50785.0,50785.0,,,,170080.0,170080.0,,0.0,,,,,,70.0,,,0.0,0.0,,-1928.0,7339.0,,,,,,,3008.0,0.0,212578.0,0.0,212578.0,,,,,0.0,0.0,0.0,-7339.0,-7339.0,,-3008.0,,30000.0,4331.0,-4331.0,294000.0,,,0.001,75000000.0,0.0,0.0,0.0,,,,0.0,0.0,4261.0,-7339.0,,,,-288578.0,0.0,,,,,-212578.0,-212578.0,,,,,,,,1928.0,52956522.0,,,,,,,,
2020-07-31,2021-08-03,10-Q,"CGS INTERNATIONAL, INC.",CGSI,CIK0001552358,USD,,12756.0,,,,0.0,,0.0,,,,0.0,0.0,0.0,,,0.001,300000000.0,76000000.0,76000000.0,76000.0,,,,,,,,,,,,,,,,170080.0,170080.0,,0.0,,,,,,0.0,,,,0.0,,,258.0,,,,,,,758.0,0.0,213336.0,0.0,213336.0,,,,,500.0,0.0,-500.0,-758.0,-758.0,,0.0,,30500.0,0.0,0.0,,,,0.001,75000000.0,0.0,0.0,0.0,0.0,,,500.0,500.0,0.0,-758.0,,,,-289336.0,0.0,,,,,-213336.0,-213336.0,,,,,,,,,76000000.0,,,,,,,,
2020-10-31,2021-08-03,10-Q,"CGS INTERNATIONAL, INC.",CGSI,CIK0001552358,USD,,13525.0,,,,0.0,,0.0,,0.0,,,0.0,,,,0.001,300000000.0,76000000.0,76000000.0,76000.0,,,,,,,,,,,,,,,,170080.0,170080.0,,0.0,,,,,,0.0,,,,,,,,,,,,,,758.0,,214105.0,0.0,214105.0,,,,,,,,-769.0,-769.0,0.0,-758.0,,30500.0,0.0,0.0,,,,0.001,75000000.0,0.0,0.0,,0.0,,,,,0.0,,,,,-290105.0,0.0,,,,,-214105.0,-214105.0,,,,,,,,,190013.0,,,,,,,,
2021-01-31,2021-08-03,10-Q,"CGS INTERNATIONAL, INC.",CGSI,CIK0001552358,USD,,12636.0,,,,0.0,,0.0,,0.0,,,0.0,,,,0.001,300000000.0,76000000.0,76000000.0,76000.0,,,,,,,,,,,,,,,,170080.0,170080.0,,-0.13,,,,,,25.0,,,,,,,,,,,,,,1336.0,,237966.0,0.0,237966.0,,,,,,,,-23861.0,-23861.0,0.0,-1336.0,,55250.0,22525.0,-22525.0,,,,0.001,75000000.0,0.0,0.0,0.0,0.0,,,,,22500.0,,,,,-313966.0,0.0,,,,,-237966.0,-237966.0,,,,,,,,,190013.0,,,,,,,,
2021-04-30,2021-08-04,10-K,"CGS INTERNATIONAL, INC.",CGSI,CIK0001552358,USD,,16048.0,,,,75810.0,,0.0,,,,0.0,0.0,0.0,,,0.001,300000000.0,190013.0,190013.0,190.0,0.0,0.0,,,,,,,0.0,0.0,61770.0,61770.0,,,,,170080.0,,0.0,,,,,,1625.0,,,0.0,0.0,,-10985.0,3550.0,,,,,,,,0.0,264888.0,0.0,264888.0,,,,,48760.0,0.0,-48760.0,-52310.0,-52310.0,,-4685.0,78760.0,78760.0,47625.0,-47625.0,,,,0.001,76000000.0,0.0,0.0,0.0,0.0,,,48760.0,,46000.0,-52310.0,,,,-340888.0,0.0,,,,,-264888.0,-264888.0,,,,,,,,10985.0,76000000.0,,,,,,0.0,0.0,
2021-07-31,2021-09-13,10-Q,"CGS INTERNATIONAL, INC.",CGSI,CIK0001552358,USD,,19279.0,,,,0.0,,0.0,,,,0.0,0.0,0.0,,,0.001,30000000000.0,260000.0,260000.0,76000.0,,,,,,,,,,,,,,,,,170080.0,,0.0,,,,,,9455.0,,,,0.0,,,3231.0,,,,,,,2276.0,0.0,296619.0,0.0,296619.0,,,,,28500.0,,-28500.0,-31731.0,,,-2276.0,107250.0,107260.0,29455.0,-29455.0,,,,0.001,76000000.0,0.0,0.0,,0.0,,,28500.0,,20000.0,-31731.0,,,,-372619.0,0.0,,,,,-296619.0,,,,,,,,,,76000000.0,,,,,,,,
2021-10-31,2021-12-10,10-Q,"CGS INTERNATIONAL, INC.",CGSI,CIK0001552358,USD,,31003.0,,,,94848127.0,,0.0,,-30600000.0,,,0.0,,,,1.0,300000000.0,46990013.0,46990013.0,46990.0,7800.0,1496.0,,,,,,,6304.0,,,,,,,,68383.0,,-5.71,,,,,,15032.0,,,,,,,,,,,,,,102635.0,,232092.0,0.0,232092.0,,,,,,,,-94760620.0,,-64029553.0,-94732188.0,205564.0,131680.0,28432.0,-28432.0,,,,0.001,76000000.0,6029696.0,6029696.0,0.0,,,,,,13400.0,,,,,-95133239.0,0.0,,,,,-232092.0,,,,,,,,,,16591087.0,,,,,,,,
2022-01-31,2022-03-16,10-Q,"CGS INTERNATIONAL, INC.",CGSI,CIK0001552358,USD,,31152.0,,,,94875127.0,,39556.0,,0.0,,34690.0,34690.0,,,,0.001,300000000.0,16990013.0,16990013.0,16990.0,,1496.0,,,,,,,,,,,,,,,68383.0,,0.0,,,,,,18539.0,,,,,,,,,,,,,,4161.0,,306595.0,39556.0,306595.0,,,,,,,,-34947.0,,0.0,-4161.0,,205564.0,30786.0,-30786.0,,,,0.001,76000000.0,9029696.0,9029696.0,0.0,,,,,,12247.0,,,,,-95168186.0,0.0,,,,,-267039.0,,,,,,,,,,23837826.0,,,,,101697.0,4866.0,0.0,
