end,filed,form,Name,Ticker,CIK,Currency,AccountsPayableOtherCurrent,AccruedProfessionalFeesCurrent,AccumulatedOtherComprehensiveIncomeLossForeignCurrencyTranslationAdjustmentNetOfTax,Assets,AssetsCurrent,Cash,Cash,CashAndCashEquivalentsAtCarryingValue,CashAndCashEquivalentsPeriodIncreaseDecrease,CashCashEquivalentsRestrictedCashAndRestrictedCashEquivalents,CashCashEquivalentsRestrictedCashAndRestrictedCashEquivalentsPeriodIncreaseDecreaseIncludingExchangeRateEffect,CommonStockDividendsPerShareCashPaid,CommonStockShareSubscribedButUnissuedSubscriptionsReceivable,CommonStockSharesAuthorized,CommonStockSharesIssued,CommonStockSharesOutstanding,CommonStockValue,ComprehensiveIncomeNetOfTax,CostsAndExpenses,DeferredFederalIncomeTaxExpenseBenefit,DistributionMadeToLimitedPartnerCashDistributionsPaid,DueFromBanks,DueToRelatedPartiesCurrent,EarningsPerShareBasicAndDiluted,EffectOfExchangeRateOnCash,EffectOfExchangeRateOnCashAndCashEquivalents,EffectOfExchangeRateOnCashCashEquivalentsRestrictedCashAndRestrictedCashEquivalents,ForeignCurrencyTransactionGainLossUnrealized,IncomeTaxExpenseBenefit,IncreaseDecreaseInAccruedInvestmentIncomeReceivable,IncreaseDecreaseInDueToRelatedPartiesCurrent,IncreaseDecreaseInInterestPayableNet,InterestBearingDepositsInBanks,InterestBearingDepositsInBanks,InterestExpense,InterestPaidNet,InterestPayableCurrent,InterestPayableCurrentAndNoncurrent,InvestmentIncomeInterest,InvestmentInterestRate,Liabilities,LiabilitiesAndStockholdersEquity,LiabilitiesCurrent,NetCashProvidedByUsedInFinancingActivities,NetCashProvidedByUsedInFinancingActivitiesContinuingOperations,NetCashProvidedByUsedInOperatingActivities,NetCashProvidedByUsedInOperatingActivitiesContinuingOperations,NetIncomeLoss,OperatingExpenses,OtherAccruedLiabilitiesCurrent,OtherComprehensiveIncomeForeignCurrencyTransactionAndTranslationAdjustmentBeforeTaxPortionAttributableToParent,OtherComprehensiveIncomeLossForeignCurrencyTransactionAndTranslationAdjustmentNetOfTax,PaymentsForOperatingActivities,PaymentsForOperatingActivities,PaymentsForRepurchaseOfEquity,PaymentsForRepurchaseOfRedeemablePreferredStock,PaymentsForRepurchaseOfRedeemablePreferredStock,PreferredStockRedemptionAmount,ProceedsFromIssuanceOfRedeemablePreferredStock,ProceedsFromIssuanceOfRedeemablePreferredStock,ProceedsFromOperatingActivities,ProceedsFromOtherDeposits,ReclassificationsOfTemporaryToPermanentEquity,RedeemableNoncontrollingInterestEquityCarryingAmount,RetainedEarningsAccumulatedDeficit,Revenues,SponsorFees,StockIssuedDuringPeriodSharesIssuedForCash,StockIssuedDuringPeriodValueAcquisitions,StockIssuedDuringPeriodValueIssuedForCash,StockRedeemedOrCalledDuringPeriodShares,StockRedeemedOrCalledDuringPeriodValue,TemporaryEquityCarryingAmount,TemporaryEquityCarryingAmountAttributableToParent,TemporaryEquityCarryingAmountIncludingPortionAttributableToNoncontrollingInterests,TemporaryEquityForeignCurrencyTranslationAdjustments,TemporaryEquityIssuePeriodIncreaseOrDecrease,TemporaryEquityParOrStatedValuePerShare,TemporaryEquityRedemptionValue,TemporaryEquitySharesAuthorized,TemporaryEquitySharesIssued,TemporaryEquitySharesOutstanding,TemporaryEquityStockIssuedDuringPeriodValueNewIssues,WeightedAverageNumberOfShareOutstandingBasicAndDiluted,WeightedAverageRateForeignDeposit
2008-10-31,2008-12-30,10-K,Invesco CurrencyShares Japanese Yen Trust,FXY,CIK0001353613,USD,,,,,,,,791539894.0,,,,,,,,,,,,,,,,,,,,,,,,,,,,,,,,,,,,,,,,,,,,,,,,,,,,,,,,,,,,,,,,,,,,,,,,,,,,,
2009-10-31,2010-01-14,10-K,Invesco CurrencyShares Japanese Yen Trust,FXY,CIK0001353613,USD,,,,,,,,417115901.0,-374423993.0,,,,,,,,,-2193598.0,2186949.0,,,,,-0.42,,49721384.0,,9451.0,,-209519.0,,,,,,,,,20400.0,,,,,,-421992603.0,-2152774.0,,-2166549.0,,,-27049.0,,,2362293.0,659268709.0,,,,,,,,,,,20400.0,2186949.0,,,,,,,,,,,,,,,3700000.0,,,
2010-07-31,2010-09-09,10-Q,Invesco CurrencyShares Japanese Yen Trust,FXY,CIK0001353613,USD,,,,,,,,302911220.0,,,,,,,,,,-265928.0,255978.0,,,,,-0.11,,,,,,,,,,,,,,,,,,,,,,,,-255978.0,,,-9950.0,,,,,,,,,,,,,,,,255978.0,,,,,,,,,,,,,,,,,,
2010-10-31,2011-01-14,10-K,Invesco CurrencyShares Japanese Yen Trust,FXY,CIK0001353613,USD,,,,,251886054.0,,,233438609.0,-183677292.0,,,,,,,1900000.0,233348012.0,-1151240.0,1137346.0,,,,,-0.45,,29546313.0,,10839.0,,,,,18803479994.0,233438609.0,,,,,,,,251886054.0,18538042.0,,-212008463.0,-1215142.0,,-1137346.0,,90597.0,-13894.0,,,1215142.0,635643603.0,,,,,,,,,,,,1137346.0,3950000.0,,440351417.0,5750000.0,641185966.0,233348012.0,,,,,,18447445.0,28870000.0,1900000.0,1900000.0,,2545205.0,
2011-01-31,2011-03-11,10-Q,Invesco CurrencyShares Japanese Yen Trust,FXY,CIK0001353613,USD,,,,,,,,229254085.0,-4184524.0,,,,,,,,,-211554.0,209237.0,,,,,-0.12,,-3934724.0,,-1817.0,,,,,,,,,,,,,,,,,-14321.0,-235479.0,,-209237.0,,,-2317.0,,,235479.0,149237508.0,,,,,,,,,,,,209237.0,,,,,,,,,,,,,,,,,1734783.0,
2011-04-30,2011-06-09,10-Q,Invesco CurrencyShares Japanese Yen Trust,FXY,CIK0001353613,USD,,,,,,,,194751257.0,,,,,,,,,,-171768.0,168979.0,,,,,-0.12,,,,,,,,,,,,,,,,,,,,,,,,-168979.0,,,-2789.0,,,,,,,,,,,,,,,,168979.0,,,,,,,,,,,,,,,,,1452247.0,
2011-07-31,2011-09-09,10-Q,Invesco CurrencyShares Japanese Yen Trust,FXY,CIK0001353613,USD,,,,,191726484.0,,,191726484.0,,,,,,,,,,-181366.0,174419.0,,,,,-0.12,,,,,,,,,,191726484.0,,,,,,,,191726484.0,59663.0,,,,,-174419.0,,59663.0,-6947.0,,,,,,,,,,,,,,,,174419.0,,,,,,191666821.0,,,,,,,38870000.0,1500000.0,1500000.0,,1407065.0,
2011-10-31,2012-01-13,10-K,Invesco CurrencyShares Japanese Yen Trust,FXY,CIK0001353613,USD,,,,,720487506.0,,,695214700.0,461776091.0,,,,,,,5200000.0,657092957.0,-1319152.0,1318427.0,,,,,-0.62,,22415883.0,,2025.0,,,,,51253125695.0,657302029.0,,,,,,,,720487506.0,63394549.0,440175239.0,440175239.0,-815031.0,,-1318427.0,935531.0,209072.0,-725.0,-6389.0,,815031.0,655675480.0,,655675480.0,,,1095850719.0,,,,,,,1318427.0,9000000.0,,1101865545.0,5700000.0,698375010.0,657092957.0,657092957.0,,,,,63185477.0,38870000.0,5200000.0,5200000.0,,4911719.0,
2012-01-31,2012-03-12,10-Q,Invesco CurrencyShares Japanese Yen Trust,FXY,CIK0001353613,USD,,,,,716709745.0,,,697345317.0,2130617.0,,,,,,,,,-716046.0,706482.0,,,,,-0.13,,15521595.0,,5191.0,,,,,,697345317.0,,,,,,,,716709745.0,32517416.0,,-12714426.0,-676552.0,,-706482.0,,244193.0,-9564.0,,,676552.0,279878758.0,,,,,,,,,,,,706482.0,,,,,,684192329.0,,,,,,32273223.0,38870000.0,5300000.0,5300000.0,,5542391.0,
2012-04-30,2012-06-11,10-Q,Invesco CurrencyShares Japanese Yen Trust,FXY,CIK0001353613,USD,,,,,215597801.0,,,215597801.0,,,,,,,,,,-279929.0,276609.0,,,,,-0.12,,,,,,,,,,215597801.0,,,,,,,,215597801.0,68995.0,,,,,-276609.0,276609.0,68995.0,-3320.0,-3320.0,,,,,,,,,,,,,,,276609.0,,,,,,,215528806.0,,,,,,43870000.0,1750000.0,1750000.0,,2288333.0,
2012-07-31,2012-09-11,10-Q,Invesco CurrencyShares Japanese Yen Trust,FXY,CIK0001353613,USD,,,,,195031566.0,,,195031566.0,,,,,,,,,,-189394.0,186453.0,,,,,-0.12,,,,,,,,,15231965266.0,195031566.0,,,,,,,,195031566.0,65516.0,,,,,-186453.0,186453.0,65516.0,-2941.0,-2941.0,,,,,,,,,,,,,,,186453.0,,,,,,,194966050.0,,,,,,43870000.0,1550000.0,1550000.0,,1492391.0,0.0
2012-10-31,2013-01-14,10-K,Invesco CurrencyShares Japanese Yen Trust,FXY,CIK0001353613,USD,,,,,128968366.0,,,128968366.0,-566246334.0,,,0.0,,43870000.0,1050000.0,1050000.0,128920251.0,-1530417.0,1520378.0,0.0,,,,-0.63,,-10771866.0,,11763.0,,,,,10308441486.0,128968366.0,,,,,0.0,,,128968366.0,48115.0,-553980313.0,-553980313.0,-1494155.0,,-1520378.0,1344961.0,48115.0,-10039.0,-12932.0,,1494155.0,1207561981.0,,1207561981.0,,,653581668.0,,,,,,0.0,1520378.0,5050000.0,,628647246.0,9200000.0,1145222513.0,,128920251.0,,,,,,43870000.0,1050000.0,1050000.0,,4073402.0,0.0
2013-01-31,2013-03-08,10-Q,Invesco CurrencyShares Japanese Yen Trust,FXY,CIK0001353613,USD,,,,,128964845.0,,,128964845.0,-3521.0,,,0.0,,,,,,-162968.0,175667.0,0.0,,,,-0.12,,-17258858.0,,6549.0,,,,,11769331818.0,128964845.0,,,,,0.0,,,128964845.0,49514.0,17423056.0,17423056.0,-167719.0,,-175667.0,175667.0,49514.0,12699.0,12699.0,,167719.0,208516102.0,,208516102.0,,,225939158.0,,,,,,0.0,175667.0,1950000.0,,225939158.0,1800000.0,208516102.0,,128915331.0,,,,,,43870000.0,1200000.0,1200000.0,,1502717.0,0.0
2013-04-30,2013-06-07,10-Q,Invesco CurrencyShares Japanese Yen Trust,FXY,CIK0001353613,USD,,,,,115671063.0,,,115671063.0,,,,0.0,,48870000.0,1150000.0,1150000.0,115631057.0,-143763.0,147006.0,,,,,-0.1,,,,,,,,,11267518237.0,115671063.0,,,,,0.0,,,115671063.0,40006.0,,,,,-147006.0,147006.0,40006.0,3243.0,3243.0,,,,,,,,,,,,,,0.0,147006.0,,,,,,,,,,,,,,,,,1474719.0,0.0
2013-07-31,2013-09-06,10-Q,Invesco CurrencyShares Japanese Yen Trust,FXY,CIK0001353613,USD,,,,,134348941.0,,,134348941.0,,,,0.0,,48870000.0,1300000.0,1300000.0,129327011.0,-149817.0,148202.0,,,,,-0.1,,,,,,,,,12724655542.0,134348941.0,,,,,0.0,,,134348941.0,5021930.0,,,,,-148202.0,148202.0,47760.0,-1615.0,-1615.0,,,,,,,,,,,,,,0.0,148202.0,,,,,,,,,,,,4974170.0,,,,,1509783.0,0.0
2013-10-31,2014-01-14,10-K,Invesco CurrencyShares Japanese Yen Trust,FXY,CIK0001353613,USD,,,0.0,,144517524.0,,,144517524.0,15549158.0,,,0.0,,48870000.0,1450000.0,1450000.0,144463850.0,-745590.0,144395.0,0.0,,,,-0.51,,-25457297.0,,12435.0,,,,,14178614307.0,144517524.0,,,,,0.0,,,144517524.0,53674.0,41603731.0,41603731.0,-597276.0,-597276.0,-759665.0,615270.0,53674.0,-126.0,14075.0,,597276.0,,,685046621.0,,,726650352.0,,,,,0.0,0.0,759665.0,7000000.0,,726650352.0,6600000.0,685046621.0,,,,,,,,,,1450000.0,,2929621.0,0.0
2014-01-31,2014-03-12,10-Q,Invesco CurrencyShares Japanese Yen Trust,FXY,CIK0001353613,USD,,,,,196350514.0,,,196350514.0,51832990.0,,,0.0,,48870000.0,2050000.0,2050000.0,196283662.0,-164765.0,163890.0,0.0,,,,-0.1,,-5186683.0,,1958.0,,,,,20024807141.0,196350514.0,,,,,0.0,,,196350514.0,66852.0,57168427.0,,-148754.0,,-163890.0,163890.0,66852.0,,-875.0,,148754.0,,,52404093.0,,,109572520.0,,,,,,0.0,163890.0,1150000.0,,109572520.0,550000.0,52404093.0,,,,,,,,,,,,1714674.0,0.0
2014-04-30,2014-06-09,10-Q,Invesco CurrencyShares Japanese Yen Trust,FXY,CIK0001353613,USD,,,,,105087674.0,,,105087674.0,,,,0.0,,53870000.0,1100000.0,1100000.0,105050304.0,-165923.0,165658.0,,,,,-0.09,,,,,,,,,10734705896.0,105087674.0,,,,,0.0,,,105087674.0,37370.0,,,,,-165658.0,165658.0,37370.0,,-265.0,,,,,,,,,,,,,,0.0,165658.0,,,,,,,,,,,,,,,,,1750562.0,0.0
2014-07-31,2014-09-08,10-Q,Invesco CurrencyShares Japanese Yen Trust,FXY,CIK0001353613,USD,,,,,80582290.0,,,80582290.0,,,,0.0,,53870000.0,750000.0,750000.0,71076403.0,-98198.0,99142.0,,,,,-0.1,,,,,,,,,7312116863.0,80582290.0,,,,,0.0,,,80582290.0,9505887.0,,,,,-99142.0,99142.0,28929.0,,944.0,,,,,,,,,,,,,,0.0,99142.0,,,,,,,,9476958.0,,,,,,,,,1023370.0,0.0
2014-10-31,2015-01-14,10-K,Invesco CurrencyShares Japanese Yen Trust,FXY,CIK0001353613,USD,,27938.0,0.0,,104241328.0,11685974118.0,,82529967.0,-61987557.0,,,0.0,21711361.0,53870000.0,1200000.0,1200000.0,104213390.0,-571142.0,75152.0,0.0,,,,-0.47,,-14252590.0,,6760.0,,,27938.0,,11685974118.0,82529967.0,,,,,0.0,,,104241328.0,27938.0,-47212149.0,-47212149.0,-522818.0,-522818.0,-578994.0,578994.0,27938.0,,7852.0,53958569.0,522818.0,,26348016499.0,255292426.0,,23909334879.0,208080277.0,,,,104213390.0,0.0,0.0,578994.0,2450000.0,,231663439.0,2700000.0,255292426.0,,,,,,,,,,1200000.0,,2138364.0,0.0
2015-01-31,2015-03-12,10-Q,Invesco CurrencyShares Japanese Yen Trust,FXY,CIK0001353613,USD,,,0.0,,140791023.0,,,140791023.0,58261056.0,,,0.0,,53870000.0,1550000.0,1550000.0,128337351.0,-104220.0,,,,,,-0.08,,-3441164.0,,1236.0,,,34078.0,,15079149826.0,140791023.0,,,,,0.0,,,140791023.0,12453672.0,61798519.0,61798519.0,-96299.0,-96299.0,-103675.0,103675.0,34078.0,,-545.0,,96299.0,,,189541270.0,,,251339789.0,,,,,0.0,0.0,103675.0,2800000.0,,230727609.0,2450000.0,201895844.0,,,12419594.0,,,,,,,,,1264130.0,0.0
2015-04-30,2015-06-09,10-Q,Invesco CurrencyShares Japanese Yen Trust,FXY,CIK0001353613,USD,20298785.0,,0.0,,89338860.0,,,89338860.0,,,,0.0,,53870000.0,850000.0,850000.0,69014355.0,-94592.0,,,,,,-0.08,,,,,,,,,8262025814.0,89338860.0,,,,,0.0,,,89338860.0,20324505.0,,,,,-94659.0,94659.0,25720.0,,67.0,,,,,,,,,,,,,0.0,0.0,94659.0,,,,,,,,,,,,,,,,,1184270.0,0.0
2015-07-31,2015-09-09,10-Q,Invesco CurrencyShares Japanese Yen Trust,FXY,CIK0001353613,USD,,,0.0,,117556576.0,,,117556576.0,,,,0.0,,59000000.0,1500000.0,1500000.0,117518276.0,-92811.0,,,,,,-0.08,,,,,,,,,14564672009.0,117556576.0,,,,,0.0,,,117556576.0,38300.0,,,,,-93746.0,93746.0,38300.0,,935.0,,,,,,,,,,,,,0.0,0.0,93746.0,,,,,,,,,,,,,,,,,1189674.0,0.0
2015-10-31,2016-01-14,10-K,Invesco CurrencyShares Japanese Yen Trust,FXY,CIK0001353613,USD,,45403.0,0.0,,128613360.0,15520417225.0,128613360.0,128613360.0,46083393.0,128613360.0,,0.0,,59000000.0,1600000.0,1600000.0,128567957.0,-549063.0,,0.0,,0.0,45403.0,-0.4,,-5995824.0,,2037.0,,,45403.0,,15520417225.0,128613360.0,,,,,0.0,,,128613360.0,45403.0,,52480066.0,,-400849.0,-548622.0,548622.0,,,-441.0,48247219.0,400849.0,,43753574107.0,363514395.0,,47636264433.0,415994461.0,0.0,,,128567957.0,0.0,0.0,548622.0,,,,4500000.0,363514395.0,,,,-7903685.0,,,,59000000.0,1600000.0,1600000.0,395772647.0,2903743.0,
2016-01-31,2016-03-11,10-Q,Invesco CurrencyShares Japanese Yen Trust,FXY,CIK0001353613,USD,,,0.0,,296130835.0,35851079498.0,296130835.0,296130835.0,167517475.0,,,0.0,,,,,,-215976.0,,,,0.0,73032.0,-0.08,,-658527.0,,187.0,0.0,,73032.0,,,296130835.0,,,,,0.0,,,296130835.0,73032.0,,168364476.0,,-188474.0,-216290.0,216290.0,,,314.0,22784524.0,188474.0,,15020715143.0,124251919.0,,35374161940.0,292616395.0,0.0,,,296057803.0,0.0,0.0,216290.0,,,,,,,,,-874630.0,,,,59000000.0,3700000.0,3700000.0,292616395.0,2725000.0,
2016-04-30,2016-06-09,10-Q,Invesco CurrencyShares Japanese Yen Trust,FXY,CIK0001353613,USD,9044601.0,,0.0,,153829324.0,15491241379.0,144784722.0,153829324.0,,,,0.0,,,,,,-259112.0,,,,0.0,66391.0,-0.09,,,,,,,,,,153829324.0,2478.0,,2602.0,,0.0,,,153829324.0,9113594.0,,,,,-246846.0,246846.0,,,-12266.0,,,,,,,,,,,,144715730.0,0.0,0.0,244368.0,,,,,,,,,,,,,59000000.0,1600000.0,1600000.0,,2855000.0,
2016-07-31,2016-09-09,10-Q,Invesco CurrencyShares Japanese Yen Trust,FXY,CIK0001353613,USD,,,0.0,,146242966.0,14987710398.0,146242966.0,146242966.0,,,,0.0,,,,,,-190248.0,,,,0.0,51701.0,-0.12,,,,,,,,,,146242966.0,37499.0,,13393.0,,0.0,,,146242966.0,65094.0,,,,,-183904.0,183904.0,,,-6344.0,,,,,,,,,,,,146177872.0,0.0,0.0,146405.0,,,,,,,,,,,,,64000000.0,1550000.0,1550000.0,,1597283.0,
2016-10-31,2017-01-12,10-K,Invesco CurrencyShares Japanese Yen Trust,FXY,CIK0001353613,USD,,,0.0,,110280686.0,11588845853.0,110280686.0,110280686.0,-18332674.0,110280686.0,-18332674.0,0.0,,,,,,-1014828.0,,,,0.0,40116.0,-0.5,-11238.0,17286580.0,17286580.0,-11238.0,0.0,,40116.0,10377.0,,110280686.0,113831.0,,10377.0,,0.0,,,110280686.0,50493.0,-34786618.0,-34786618.0,-832636.0,-832636.0,-1005936.0,1005936.0,,,-8892.0,91904462.0,832636.0,,52752711224.0,477929067.0,,48913044314.0,443142449.0,0.0,,,110230193.0,0.0,0.0,892105.0,,,,,,,,,16448854.0,,0.0,,64000000.0,1200000.0,1200000.0,443142449.0,3669654.0,
2017-01-31,2017-03-13,10-Q,Invesco CurrencyShares Japanese Yen Trust,FXY,CIK0001353613,USD,8563889.0,,0.0,,184191415.0,19771268743.0,175627526.0,184191415.0,73910729.0,,,0.0,,,,,,-152180.0,,,,0.0,54304.0,-0.11,,-6806407.0,,3225.0,0.0,,54304.0,13494.0,,184191415.0,30049.0,,13494.0,,0.0,,,184191415.0,8631687.0,,80847792.0,,-130656.0,-151186.0,151186.0,,,-994.0,14805363.0,130656.0,,7234192515.0,55333231.0,,15431420768.0,136181023.0,0.0,,,175559728.0,0.0,0.0,121137.0,,,,,,,,,-7010332.0,,0.0,,64000000.0,2050000.0,2050000.0,136181023.0,1428261.0,
2017-04-30,2017-06-09,10-Q,Invesco CurrencyShares Japanese Yen Trust,FXY,CIK0001353613,USD,,,0.0,,103702296.0,11559694898.0,103702296.0,103702296.0,,103702296.0,,0.0,,,,,,-144497.0,,,,0.0,35176.0,-0.11,,,,,,,,,,103702296.0,29631.0,,9266.0,,0.0,,,103702296.0,44442.0,,,,,-143771.0,143771.0,,,-726.0,,,,,,,,,,,,103657854.0,0.0,0.0,114140.0,,,,,,,,,,,0.0,,64000000.0,1200000.0,1200000.0,,1344382.0,
2017-07-31,2017-09-11,10-Q,Invesco CurrencyShares Japanese Yen Trust,FXY,CIK0001353613,USD,,,0.0,,113192617.0,12507218194.0,113192617.0,113192617.0,,113192617.0,,0.0,,,,,,-153975.0,,,,0.0,38876.0,-0.11,,,,,,,,,,113192617.0,30822.0,,10002.0,,0.0,,,113192617.0,48878.0,,,,,-152159.0,152159.0,,,-1816.0,,,,,,,,,,,,113143739.0,0.0,0.0,121337.0,,,,,,,,,,,0.0,,64000000.0,1300000.0,1300000.0,,1398370.0,
2017-10-31,2018-01-11,10-K,Invesco CurrencyShares Japanese Yen Trust,FXY,CIK0001353613,USD,4226335.0,,0.0,,114156875.0,12491407290.0,109930540.0,114156875.0,3876189.0,114156875.0,3876189.0,0.0,,,,,,-734388.0,,,,0.0,37756.0,-0.54,3756.0,-8462494.0,-8462494.0,3756.0,0.0,,37756.0,9596.0,,114156875.0,149186.0,,9596.0,,0.0,,,114156875.0,4273687.0,12930260.0,12930260.0,-591577.0,-591577.0,-737268.0,737268.0,,,2880.0,66298233.0,591577.0,,30833153795.0,270838173.0,,31802013465.0,283768433.0,0.0,,,109883188.0,0.0,0.0,588082.0,,,,,,,,,-8992111.0,,0.0,,64000000.0,1300000.0,1300000.0,283768433.0,2703329.0,
2018-01-31,2018-03-12,10-Q,Invesco CurrencyShares Japanese Yen Trust,FXY,CIK0001353613,USD,,,0.0,,140657656.0,15353486396.0,140657656.0,140657656.0,26500781.0,,,0.0,,,,,,-144572.0,,,,0.0,40072.0,,,5281105.0,,-1960.0,0.0,,,,,140657656.0,,,9976.0,,0.0,,,140657656.0,50048.0,,21359530.0,,-139854.0,,,,,-3982.0,15698231.0,,,1440279898.0,,,4318057235.0,,,,,,0.0,,112269.0,,,,,,,,,5086474.0,,0.0,,64000000.0,1600000.0,,38469313.0,1307609.0,
2018-04-30,2018-06-11,10-Q,Invesco CurrencyShares Japanese Yen Trust,FXY,CIK0001353613,USD,,,0.0,,166426115.0,18211177655.0,166426115.0,,,,,0.0,,,,,,-193787.0,,,,0.0,55856.0,,,,,,,,,,,166426115.0,,,14198.0,,,,,166426115.0,70054.0,,,,,,,,,4092.0,,,,,,,,,,,,,0.0,,,,,,,,,,,,,0.0,,64000000.0,1900000.0,,,,
2018-07-31,2018-09-07,10-Q,Invesco CurrencyShares Japanese Yen Trust,FXY,CIK0001353613,USD,,,0.0,,119737193.0,13403381426.0,119737193.0,,,,,0.0,,,,,,-201957.0,,,,0.0,51301.0,,,,,,,,,,,119737193.0,,,13185.0,,,,,119737193.0,64486.0,,,,,,,,,2857.0,,,,,,,,,,,,119672707.0,0.0,,,,,,,,,,,,,0.0,,64000000.0,1400000.0,1400000.0,,,
2018-10-31,2019-01-11,10-K,Invesco CurrencyShares Japanese Yen Trust,FXY,CIK0001353613,USD,,,,,127074693.0,14341014525.0,127074693.0,,,,12917818.0,0.0,,,,,,,,,,0.0,43161.0,-0.44,1425.0,,520740.0,,0.0,,5405.0,1347.0,,127074693.0,142359.0,141012.0,10943.0,,0.0,,,127074693.0,54104.0,13094759.0,,-697681.0,,-704433.0,704433.0,,,,76898821.0,696256.0,,10536230459.0,99745024.0,,12462736515.0,112839783.0,0.0,,,127020589.0,0.0,0.0,562074.0,,,,,,,,,-305520.0,,0.0,,69000000.0,1500000.0,1500000.0,112839783.0,1616849.0,
2019-03-31,2019-05-09,10-Q,Invesco CurrencyShares Japanese Yen Trust,FXY,CIK0001353613,USD,,,,,176724388.0,19560738879.0,176724388.0,,,176724388.0,6944383.0,,,,,,,,,,0.0,0.0,81460.0,-0.11,,,-6239950.0,,0.0,,25795.0,6782.0,,176724388.0,69444.0,62662.0,20750.0,,0.0,,,176724388.0,102210.0,13497575.0,,-313242.0,,-345819.0,345819.0,,,,34411854.0,,,25758963088.0,230772038.0,,26249243674.0,244269613.0,,,,176622178.0,0.0,0.0,276375.0,,0.0,,,0.0,,,,-6602199.0,0.0,0.0,,76000000.0,2050000.0,2050000.0,239934251.0,3136111.0,
2019-06-30,2019-08-08,10-Q,Invesco CurrencyShares Japanese Yen Trust,FXY,CIK0001353613,USD,,,,216669554.0,,23343977710.0,216669554.0,,,216669554.0,,,,,,,,,,,,,67684.0,-0.11,,,,,,,,,,216669554.0,47266.0,,,17160.0,0.0,,84844.0,216669554.0,,,,,,-233695.0,233695.0,,,,,,,,,,,,,,,216584710.0,0.0,0.0,186429.0,,0.0,,,0.0,,,,,0.0,0.0,,76000000.0,2450000.0,2450000.0,,2169231.0,
2019-09-30,2019-11-12,10-Q,Invesco CurrencyShares Japanese Yen Trust,FXY,CIK0001353613,USD,,,,220130958.0,,23790653298.0,220130958.0,,,220130958.0,,,,,,,,,,,,,71538.0,-0.11,,,,,,,,,,220130958.0,55929.0,,,18137.0,0.0,0.001,89675.0,220130958.0,,,,,,-276528.0,276528.0,,,,,,,,,,,,,,,220041283.0,0.0,0.0,220599.0,,0.0,,,0.0,,,,,0.0,0.0,,76000000.0,2500000.0,2500000.0,,2466848.0,
2019-12-31,2020-02-28,10-K,Invesco CurrencyShares Japanese Yen Trust,FXY,CIK0001353613,USD,,,,192398201.0,,20908874389.0,192398201.0,,,183656837.0,13876832.0,,,,,,,,,,,,60846.0,-0.45,,,-2842769.0,,0.0,,5181.0,16886.0,,183656837.0,237680.0,220794.0,,30854.0,0.0,0.002,91700.0,192398201.0,,17814332.0,,-1094731.0,,-1116798.0,1116798.0,,,,119473200.0,,,36228131318.0,327169568.0,,38151608760.0,344983900.0,,,1116798.0,192306501.0,0.0,0.0,879118.0,,,,,,,,,,,0.0,,76000000.0,2200000.0,2200000.0,,2492055.0,
2020-03-31,2020-05-08,10-Q,Invesco CurrencyShares Japanese Yen Trust,FXY,CIK0001353613,USD,4393610.0,,,237345650.0,,25148337480.0,237345650.0,,,237345650.0,53688813.0,,,,,,,,,,,,76649.0,-0.13,,,-436898.0,,0.0,,15803.0,8462.0,,237345650.0,105310.0,96848.0,,39316.0,0.0,0.002,4509575.0,237345650.0,,54413150.0,,-287439.0,,-311704.0,311704.0,,,,31413476.0,,,7115073080.0,59642260.0,,11385949647.0,114055410.0,,,311704.0,232836075.0,0.0,0.0,206394.0,,0.0,,,0.0,,,,,0.0,0.0,,76000000.0,2650000.0,2650000.0,,2378022.0,
2020-06-30,2020-08-07,10-Q,Invesco CurrencyShares Japanese Yen Trust,FXY,CIK0001353613,USD,,,,245918302.0,,26530895995.0,245918302.0,,,232749876.0,,,,,,,,,,,,,76438.0,-0.13,,,,,,,,,,232749876.0,131949.0,,,38916.0,0.0,0.002,115379.0,245918302.0,,,,,,-391347.0,391347.0,,,,,,,,,,,,,,391347.0,245802923.0,0.0,0.0,259398.0,,0.0,,,0.0,,,,,0.0,0.0,,76000000.0,2800000.0,2800000.0,,2941758.0,
2020-09-30,2020-11-06,10-Q,Invesco CurrencyShares Japanese Yen Trust,FXY,CIK0001353613,USD,,,,251032091.0,,25545745884.0,242070936.0,,,251032091.0,,,,,,,,,,,,,82580.0,-0.14,,,,,,,,,,251032067.0,129243.0,,,41990.0,0.0,0.002,9085701.0,251032091.0,,,,,,-383265.0,383265.0,,,,,,,,,8961131.0,,,,,383265.0,241946390.0,0.0,0.0,254022.0,,0.0,,,0.0,,,,,0.0,0.0,,76000000.0,2700000.0,2700000.0,,2832609.0,
2020-12-31,2021-02-26,10-K,Invesco CurrencyShares Japanese Yen Trust,FXY,CIK0001353613,USD,,,,247053789.0,,25507068457.0,247053789.0,,,247053789.0,63396952.0,,,,,,,,,,,,84581.0,-0.54,,,11446401.0,,0.0,,23735.0,12153.0,,247053789.0,493958.0,481805.0,,43007.0,0.0,0.002,127588.0,247053789.0,,53379095.0,,-1428544.0,,-1464432.0,1464432.0,,,,153028653.0,,,19901290156.0,183671183.0,,24652512877.0,237050278.0,,,1464432.0,246926201.0,0.0,0.0,970474.0,,,,,,,,,,,0.0,,76000000.0,2700000.0,2700000.0,,2727049.0,
2021-03-31,2021-05-07,10-Q,Invesco CurrencyShares Japanese Yen Trust,FXY,CIK0001353613,USD,,,,187811702.0,,20753193055.0,187811702.0,,,187811702.0,-59242087.0,,,,,,,,,,,,68745.0,-0.13,,,-15179005.0,,0.0,,-15836.0,-8148.0,,187811702.0,113621.0,121769.0,,34859.0,0.0,0.002,103604.0,187811702.0,,-43701410.0,,-361672.0,,-337688.0,337688.0,,,,37531007.0,,,5188351618.0,48242779.0,,472007223.0,4541369.0,,,337688.0,187708098.0,0.0,0.0,224067.0,,,,,,,,,,,0.0,,76000000.0,2200000.0,2200000.0,,2531111.0,
2021-06-30,2021-08-06,10-Q,Invesco CurrencyShares Japanese Yen Trust,FXY,CIK0001353613,USD,,,,182437382.0,,20248724967.0,182437382.0,,,178196517.0,,,,,,,,,,,,,53182.0,-0.13,,,,,,,,,,178196517.0,83833.0,,,26967.0,0.0,0.002,80149.0,182437382.0,,,,,,-249150.0,249150.0,,,,,,,,,,,,,,249150.0,182357233.0,0.0,0.0,165317.0,,,,,,,,,,,0.0,,76000000.0,2150000.0,2150000.0,,1921429.0,
2021-09-30,2021-11-05,10-Q,Invesco CurrencyShares Japanese Yen Trust,FXY,CIK0001353613,USD,,,,198073902.0,,22100095676.0,198073902.0,,,198073902.0,,,,,,,,,,,,,65105.0,-0.13,,,,,,,,,,198073902.0,100491.0,,,33013.0,0.0,0.002,98118.0,198073902.0,,,,,,-298603.0,298603.0,,,,,,,,,,,,,,298603.0,197975784.0,0.0,0.0,198112.0,,,,,,,,,,,0.0,,,2350000.0,2350000.0,,2311957.0,
2021-12-31,2022-02-25,10-K,Invesco CurrencyShares Japanese Yen Trust,FXY,CIK0001353613,USD,,,,171244773.0,,19719691884.0,171244773.0,,,171244773.0,-75809016.0,,,,,,,,,,,,60306.0,-0.52,,,-22648204.0,,0.0,,-24275.0,-12427.0,,171244773.0,391436.0,403863.0,,30580.0,0.0,0.002,90886.0,171244773.0,,-51961052.0,,-1199760.0,,-1163058.0,1163058.0,,,,130201824.0,,,12713904335.0,115719701.0,,7056729586.0,63758649.0,,,1163058.0,171153887.0,0.0,0.0,771622.0,,,,,,,,,,,0.0,,,2100000.0,2100000.0,,2241096.0,
