end,filed,form,Name,Ticker,CIK,Currency,AccountsPayableAndAccruedLiabilitiesCurrentAndNoncurrent,AccountsReceivableNet,AccumulatedOtherComprehensiveIncomeLossNetOfTax,AdditionalPaidInCapital,AdjustmentsToAdditionalPaidInCapitalSharebasedCompensationAndExerciseOfStockOptions,AmortizationOfFinancingCosts,AreaOfRealEstateProperty,AssetImpairmentCharges,Assets,AssetsFairValueAdjustment,AssetsNet,AvailableForSaleEquitySecuritiesAccumulatedGrossUnrealizedGainBeforeTax,AvailableForSaleEquitySecuritiesAmortizedCostBasis,AvailableForSaleSecurities,AvailableForSaleSecuritiesAccumulatedGrossUnrealizedGainBeforeTax,AvailableForSaleSecuritiesAccumulatedGrossUnrealizedLossBeforeTax,AvailableForSaleSecuritiesAmortizedCost,AvailableForSaleSecuritiesEquitySecurities,BusinessAcquisitionsProFormaNetIncomeLoss,BusinessAcquisitionsProFormaRevenue,BusinessCombinationAcquisitionRelatedCosts,BusinessCombinationConsiderationTransferred1,BusinessCombinationConsiderationTransferredEquityInterestsIssuedAndIssuable,BusinessCombinationContingentConsiderationLiability,BusinessCombinationProFormaInformationEarningsOrLossOfAcquireeSinceAcquisitionDateActual,BusinessCombinationProFormaInformationRevenueOfAcquireeSinceAcquisitionDateActual,BusinessDevelopment,CapitalExpendituresIncurredButNotYetPaid,CashAndCashEquivalentsAtCarryingValue,CashAndCashEquivalentsPeriodIncreaseDecrease,CashCashEquivalentsRestrictedCashAndRestrictedCashEquivalents,CashCashEquivalentsRestrictedCashAndRestrictedCashEquivalentsPeriodIncreaseDecreaseIncludingExchangeRateEffect,CommonStockDividendsPerShareCashPaid,CommonStockParOrStatedValuePerShare,CommonStockSharesAuthorized,CommonStockSharesIssued,CommonStockSharesOutstanding,CommonStockValue,ComprehensiveIncomeNetOfTax,CumulativeEffectOnRetainedEarningsNetOfTax1,DebtInstrumentCarryingAmount,DebtInstrumentCollateralAmount,DebtIssuanceCostsLineOfCreditArrangementsNet,Depreciation,DepreciationAndAmortization,DepreciationDepletionAndAmortization,DevelopmentCosts,DevelopmentInProcess,Dividends,DividendsCommonStock,DividendsPayableCurrentAndNoncurrent,EarningsPerShareBasic,EarningsPerShareBasicAndDiluted,EarningsPerShareDiluted,EmployeeBenefitsAndShareBasedCompensation,EquitySecuritiesFvNi,EquitySecuritiesFvNiCost,FairValueAssetsLevel1ToLevel2TransfersAmount,FairValueMeasurementWithUnobservableInputsReconciliationRecurringBasisAssetValue,FairValueMeasurementWithUnobservableInputsReconciliationsRecurringBasisLiabilityValue,GeneralAndAdministrativeExpense,Goodwill,IncreaseDecreaseInAccountsPayableAndAccruedLiabilities,IncreaseDecreaseInAccountsReceivable,IncreaseDecreaseInPrepaidExpensesOther,IncreaseDecreaseInRestrictedCash,IntangibleAssetsNetExcludingGoodwill,IntangibleAssetsNetIncludingGoodwill,InterestExpense,InterestPaid,InterestPaidNet,InvestmentOwnedAtCost,InvestmentOwnedAtFairValue,InvestmentOwnedPercentOfNetAssets,Land,LesseeOperatingLeaseLiabilityPaymentsDueNextTwelveMonths,LesseeOperatingLeaseLiabilityPaymentsRemainderOfFiscalYear,Liabilities,LiabilitiesAndStockholdersEquity,LineOfCredit,LongTermDebtMaturitiesRepaymentsOfPrincipalAfterYearFive,LongTermDebtMaturitiesRepaymentsOfPrincipalInNextTwelveMonths,LongTermDebtMaturitiesRepaymentsOfPrincipalInYearFive,LongTermDebtMaturitiesRepaymentsOfPrincipalInYearFour,LongTermDebtMaturitiesRepaymentsOfPrincipalInYearThree,LongTermDebtMaturitiesRepaymentsOfPrincipalInYearTwo,LongTermDebtMaturitiesRepaymentsOfPrincipalRemainderOfFiscalYear,MarketableSecuritiesEquitySecurities,MarketableSecuritiesUnrealizedGainLoss,NetCashProvidedByUsedInFinancingActivities,NetCashProvidedByUsedInFinancingActivitiesContinuingOperations,NetCashProvidedByUsedInInvestingActivities,NetCashProvidedByUsedInInvestingActivitiesContinuingOperations,NetCashProvidedByUsedInOperatingActivities,NetCashProvidedByUsedInOperatingActivitiesContinuingOperations,NetIncomeLoss,NotesPayable,NumberOfBusinessesAcquired,NumberOfOperatingSegments,NumberOfOperatingSegments,NumberOfStores,NumberOfStores,OperatingExpenses,OperatingIncomeLoss,OperatingLeaseLeaseIncomeLeasePayments,OperatingLeaseLiability,OperatingLeaseRightOfUseAsset,OperatingLeasesFutureMinimumPaymentsDue,OperatingLeasesFutureMinimumPaymentsDueCurrent,OperatingLeasesFutureMinimumPaymentsDueInThreeYears,OperatingLeasesFutureMinimumPaymentsDueInTwoYears,OperatingLeasesFutureMinimumPaymentsRemainderOfFiscalYear,OperatingLeasesIncomeStatementMinimumLeaseRevenue,OperatingLeaseWeightedAverageDiscountRatePercent,OtherComprehensiveIncomeUnrealizedHoldingGainLossOnSecuritiesArisingDuringPeriodNetOfTax,OtherInterestAndDividendIncome,OtherNonoperatingIncomeExpense,OtherRealEstateRevenue,PartnersCapitalAccountPublicSaleOfUnitsNetOfOfferingCosts,PaymentsForConstructionInProcess,PaymentsOfDebtIssuanceCosts,PaymentsOfDividends,PaymentsToAcquireBuildings,PaymentsToAcquireBusinessesGross,PaymentsToAcquirePropertyPlantAndEquipment,PaymentsToAcquireRealEstate,PreferredStockParOrStatedValuePerShare,PreferredStockSharesAuthorized,PreferredStockSharesIssued,PreferredStockSharesOutstanding,PrepaidExpenseAndOtherAssets,ProceedsFromIssuanceOfCommonStock,ProceedsFromLongTermLinesOfCredit,ProceedsFromNotesPayable,ProceedsFromRepaymentsOfLinesOfCredit,ProceedsFromSaleOfAvailableForSaleSecurities,ProfitLoss,RealEstateAccumulatedDepreciation,RealEstateAndAccumulatedDepreciationCarryingAmountOfBuildingsAndImprovements,RealEstateAndAccumulatedDepreciationCarryingAmountOfLand,RealEstateAndAccumulatedDepreciationCostsCapitalizedSubsequentToAcquisitionCarryingCosts,RealEstateAndAccumulatedDepreciationInitialCostOfBuildingsAndImprovements,RealEstateAndAccumulatedDepreciationInitialCostOfLand,RealEstateGrossAtCarryingValue,RealEstateInvestmentPropertyAccumulatedDepreciation,RealEstateInvestmentPropertyAtCost,RealEstateInvestmentPropertyNet,RealizedInvestmentGainsLosses,RepaymentsOfNotesPayable,RestrictedCashAndCashEquivalents,RetainedEarningsAccumulatedDeficit,RevenueFromContractWithCustomerIncludingAssessedTax,Revenues,SaleOfStockNumberOfSharesIssuedInTransaction,SaleOfStockPricePerShare,ShareBasedCompensation,SharesIssuedPricePerShare,StockholdersEquity,StockIssuedDuringPeriodValueNewIssues,StockIssuedDuringPeriodValueRestrictedStockAwardForfeitures,UnamortizedDebtIssuanceExpense,UnrecognizedTaxBenefits,WeightedAverageNumberOfDilutedSharesOutstanding,WeightedAverageNumberOfShareOutstandingBasicAndDiluted,WeightedAverageNumberOfSharesOutstandingBasic
2016-03-31,2016-05-16,10-Q,"GLOBAL SELF STORAGE, INC.",SELF,CIK0001031235,USD,565794.0,78959.0,2102956.0,32908888.0,,,,,42607154.0,7967086.0,,,,4550811.0,2108791.0,5835.0,2447855.0,,,,,,,,,,,,3338816.0,3309053.0,,,0.065,0.01,19900000.0,7416766.0,7416766.0,74168.0,339737.0,,,,,201369.0,169967.0,201369.0,,340909.0,482090.0,,,,0.01,,235400.0,,,,,,311481.0,,-41282.0,-12389.0,32194.0,,,,,,,,,,2661000.0,,,565794.0,42607154.0,,,,,,,,,,,,-482090.0,,3287921.0,,503222.0,49121.0,,,,1.0,,7.0,916245.0,8983.0,,,,15035.0,,,1157.0,13878.0,893936.0,,290616.0,40138.0,40138.0,31292.0,,229793.0,,482090.0,,,8623.0,,,,,,193875.0,,,,,3526337.0,,,,,,,,,201369.0,23677067.0,34444693.0,,,,6955348.0,,925228.0,,,,,42041360.0,,,,0.0,,7416766.0,
2016-06-30,2016-08-15,10-Q,"GLOBAL SELF STORAGE, INC.",SELF,CIK0001031235,USD,763760.0,95354.0,1899658.0,32908888.0,,,,,61404457.0,,,,,4347513.0,1905149.0,5491.0,2447855.0,,,,154798.0,,,,,,,,21606751.0,,,,0.065,0.01,19900000.0,7416766.0,7416766.0,74168.0,-215604.0,,20000000.0,35000000.0,,,189008.0,,,1286194.0,482090.0,,,,0.0,,131242.0,,,0.0,,,354207.0,,,,,,,,16652.0,,,,,,3464406.0,,,20031209.0,61404457.0,,18763612.0,,494518.0,474251.0,267619.0,,,,,,,,,,,-12306.0,19267449.0,,,,,7.0,1187455.0,-42170.0,,,,15035.0,,,1157.0,13878.0,1104832.0,,-203298.0,46516.0,29864.0,40453.0,,,,,,,,,,,,,192599.0,,,,,,,,,,,,,,358975.0,30770615.0,35162240.0,,,,6490534.0,,1145285.0,,,,,41373248.0,,,732551.0,0.0,,7416766.0,
2016-09-30,2016-11-14,10-Q,"GLOBAL SELF STORAGE, INC.",SELF,CIK0001031235,USD,980884.0,143135.0,1448248.0,32908888.0,,,,,60567624.0,,,,,3896103.0,1453783.0,5535.0,2447855.0,,,,238537.0,,,,49965.0,107107.0,,,6997216.0,,,,0.065,0.01,19900000.0,7416766.0,7416766.0,74168.0,-668782.0,,20000000.0,34300000.0,,,236503.0,,,2458737.0,482090.0,,,,-0.03,,,,,0.0,0.0,0.0,393561.0,,,,,,,248307.0,219859.0,,,,,,4764406.0,,,20345247.0,60567624.0,,18763612.0,,494518.0,474251.0,267619.0,,,,,,,,,,,-217372.0,19364363.0,,,,,9.0,1393703.0,-44418.0,,,,15035.0,,,1157.0,13878.0,1306822.0,,-451410.0,46905.0,-172954.0,42463.0,,,,,,,,,,,,,246630.0,,,,,,,,,,,,,,583785.0,42310207.0,48949565.0,,,86668.0,5791073.0,,1349285.0,,,,,40222377.0,,,635637.0,0.0,,7416766.0,
2016-12-31,2017-03-31,10-K,"GLOBAL SELF STORAGE, INC.",SELF,CIK0001031235,USD,1723458.0,157607.0,718463.0,33881863.0,,21217.0,755971.0,,61648625.0,7967086.0,,,,1473950.0,718463.0,,755487.0,,1116895.0,6881146.0,449738.0,20800000.0,975002.0,900000.0,75883.0,433054.0,,1875002.0,2911640.0,2881877.0,2965694.0,,0.26,0.01,19900000.0,7619469.0,7619469.0,76195.0,-709742.0,-1092086.0,20000000.0,36300000.0,,875447.0,952507.0,952507.0,,,1928359.0,,,,0.05,,,,,0.0,0.0,0.0,1406441.0,694121.0,174196.0,-15416.0,47295.0,54054.0,,317140.0,456719.0,435502.0,,,,,5493814.0,,,21098429.0,61648625.0,,18291759.0,,513857.0,492797.0,472600.0,228987.0,,,,,17425395.0,,-15851798.0,,1308280.0,384135.0,19374971.0,4.0,,1.0,,11.0,4910662.0,65702.0,,,,45684.0,15288.0,15288.0,15288.0,,4816835.0,,-1093877.0,172724.0,318433.0,159529.0,,,,1928359.0,,18924998.0,,18924998.0,0.01,100000.0,,0.0,265045.0,,,19353754.0,,2294796.0,,872987.0,50831333.0,5493814.0,2590647.0,49129195.0,5493814.0,56325147.0,875447.0,51156701.0,55775068.0,602428.0,,54054.0,5873675.0,,4976364.0,,,,,40550196.0,,,625029.0,0.0,,7417320.0,
2017-03-31,2017-05-15,10-Q,"GLOBAL SELF STORAGE, INC.",SELF,CIK0001031235,USD,1788465.0,93136.0,672800.0,33881863.0,,10609.0,,,61169046.0,,,,,1428287.0,672800.0,,755487.0,,,,5832.0,,,,,,,,2902048.0,-12396.0,2953298.0,,0.065,0.01,19900000.0,7619469.0,7619469.0,76195.0,-59929.0,,20000000.0,34300000.0,,350684.0,449234.0,449234.0,,,495266.0,,,0.0,0.0,0.0,,,,0.0,0.0,0.0,410555.0,694121.0,65007.0,-64471.0,-29705.0,-2804.0,,218590.0,220209.0,209600.0,,,,,5493814.0,,,21174045.0,61169046.0,,18291759.0,,513857.0,492797.0,472600.0,228987.0,,,,,-495266.0,,-121890.0,,604760.0,-14266.0,19385580.0,,,1.0,,11.0,1555105.0,194521.0,,,,45684.0,,15288.0,15288.0,15288.0,1696998.0,,-45663.0,11422.0,-208787.0,52628.0,,,,495266.0,,,,,,,,,235340.0,,,,,,,,,,,,,,1226131.0,51278591.0,55546274.0,,,51250.0,5364143.0,,1749626.0,,,,,39995001.0,,,614420.0,0.0,7619469.0,7619469.0,7619469.0
2017-06-30,2017-08-14,10-Q,"GLOBAL SELF STORAGE, INC.",SELF,CIK0001031235,USD,1796286.0,120246.0,625874.0,33881863.0,,,,,60663372.0,,,,,1381361.0,625874.0,,755487.0,,,,8358.0,,,,,,8358.0,,2813396.0,,2883874.0,,0.065,0.01,19900000.0,7619469.0,7619469.0,76195.0,-28837.0,,20000000.0,34300000.0,,,452685.0,,,,495266.0,,,0.0,0.0,0.0,,,,0.0,0.0,0.0,438446.0,694121.0,,,,,,120040.0,220209.0,,,,,,5493814.0,,,21192474.0,60663372.0,,18291759.0,,513857.0,492797.0,472600.0,228987.0,,,,,,,,,,18089.0,19396188.0,,,,,11.0,1622951.0,223345.0,,,,45684.0,,15288.0,15288.0,15288.0,1788881.0,,-46926.0,14953.0,-205256.0,57415.0,,,,,,,,,,,,,196769.0,,,,,,,,,,,,,,1580267.0,51353414.0,55266961.0,,,70478.0,4886966.0,57415.0,1846296.0,,,,,39470898.0,,,603812.0,0.0,7619469.0,7619469.0,7619469.0
2017-09-30,2017-11-13,10-Q,"GLOBAL SELF STORAGE, INC.",SELF,CIK0001031235,USD,1904483.0,100324.0,696686.0,33881863.0,,,,,60228378.0,,,,,1452173.0,696686.0,,755487.0,,,,105.0,,,,,,105.0,,2506811.0,,2596524.0,,0.065,0.01,19900000.0,7619469.0,7619469.0,76195.0,-58534.0,,20000000.0,34300000.0,,,439342.0,,,100389.0,495266.0,,,-0.02,-0.02,-0.02,,,,0.0,0.0,0.0,640566.0,694121.0,,,,,,33183.0,220209.0,,,,,,5493814.0,,,21311280.0,60228378.0,,18291759.0,,513857.0,492797.0,472600.0,228987.0,,,,,,,,,,-129346.0,19406797.0,,,,,11.0,1857885.0,75272.0,,,,45684.0,,15288.0,15288.0,15288.0,1871642.0,,70812.0,15591.0,-204618.0,61515.0,,,,,,,,,,,,,320928.0,,,,,,,,,,,,,,1932752.0,51369674.0,55031125.0,,,89713.0,4262354.0,61515.0,1933157.0,,,,,38917098.0,,,593203.0,0.0,7619469.0,7619469.0,7619469.0
2017-12-31,2018-04-02,10-K,"GLOBAL SELF STORAGE, INC.",SELF,CIK0001031235,USD,1954919.0,103289.0,796603.0,33881863.0,,42434.0,749893.0,,59873308.0,,,718463.0,755487.0,1552090.0,796603.0,,755487.0,1473950.0,,,14295.0,,,,,,14295.0,,2147460.0,-709279.0,2256415.0,,0.26,0.01,450000000.0,7619469.0,7619469.0,76195.0,-68150.0,,20000000.0,33700000.0,,1382415.0,1699555.0,1699555.0,,393832.0,1981062.0,,,-0.02,-0.02,-0.02,,1552090.0,,0.0,0.0,0.0,1927585.0,694121.0,231461.0,-54318.0,-43215.0,54901.0,,,880834.0,838400.0,838400.0,,,,5493814.0,,,21372324.0,59873308.0,,17755943.0,228987.0,535816.0,513857.0,492797.0,472600.0,,1552090.0,,-1981062.0,-1981062.0,-652910.0,-652910.0,1924693.0,1869792.0,-146290.0,19417405.0,,,1.0,,11.0,6795322.0,677471.0,,,,30576.0,15288.0,,15288.0,,7238819.0,,78140.0,57073.0,-823761.0,233974.0,,,,1981062.0,,,,,0.01,50000000.0,0.0,0.0,221830.0,,,,,0.0,-146290.0,2187530.0,50961991.0,5493814.0,2721305.0,48240686.0,5493814.0,56455805.0,2257862.0,51415779.0,55045563.0,,,108955.0,3746323.0,233974.0,7472793.0,,,,,38500984.0,,,282595.0,0.0,7619469.0,7619469.0,7619469.0
2018-03-31,2018-05-15,10-Q,"GLOBAL SELF STORAGE, INC.",SELF,CIK0001031235,USD,2080569.0,81185.0,,33882016.0,884.0,10609.0,,,59574311.0,,,754696.0,755487.0,,,,,1510183.0,,,,,,,,,,,2148371.0,20164.0,2276579.0,,0.065,0.01,450000000.0,7692624.0,7692624.0,76926.0,59126.0,,20000000.0,34300000.0,,348873.0,348873.0,348873.0,,52121.0,495266.0,,,0.01,,0.01,,,,0.0,0.0,0.0,465423.0,694121.0,125650.0,-22104.0,41544.0,,,,220209.0,209600.0,209600.0,,,,5493814.0,,,21508583.0,59574311.0,,17755943.0,,535816.0,513857.0,492797.0,472600.0,228987.0,1510183.0,-41907.0,-495266.0,-495266.0,-52179.0,-52179.0,567609.0,567609.0,59126.0,19428014.0,,,1.0,,11.0,1663989.0,297896.0,1902101.0,,,30576.0,15288.0,,15288.0,,1902101.0,,,23346.0,-238770.0,59784.0,,,,495266.0,,,,,0.01,50000000.0,0.0,0.0,263374.0,,,,,,59126.0,,,,,,,,2606735.0,51809669.0,54748869.0,,,128208.0,4106786.0,59784.0,1961885.0,,,884.0,,38065728.0,,,571986.0,0.0,7619489.0,,7619469.0
2018-06-30,2018-08-14,10-Q,"GLOBAL SELF STORAGE, INC.",SELF,CIK0001031235,USD,2136537.0,88153.0,,33908444.0,,,,,59562771.0,,,972045.0,755487.0,,,,,1727532.0,,,,,,,,,10000.0,,2206687.0,,2354165.0,,0.065,0.01,450000000.0,7692624.0,7692624.0,76926.0,395474.0,,20000000.0,34300000.0,,,349173.0,,,73006.0,500020.0,,,0.05,,0.05,,1727532.0,,0.0,0.0,0.0,456330.0,694121.0,,,,,,,220209.0,,,,,,5493814.0,,,21575160.0,59562771.0,,17755943.0,,535816.0,513857.0,492797.0,472600.0,228987.0,,217349.0,,,,,,,395475.0,19438623.0,,,,,11.0,1639175.0,380555.0,1954052.0,,,30576.0,15288.0,,15288.0,,1954052.0,,,17779.0,14919.0,,,,,,,,,,0.01,50000000.0,0.0,0.0,251710.0,,,,,,,,,,,,,,2955908.0,51836178.0,54447090.0,,,147478.0,4002241.0,65678.0,2019730.0,,,,,37987611.0,,26428.0,561377.0,0.0,7620283.0,,7619549.0
2018-09-30,2018-11-14,10-Q,"GLOBAL SELF STORAGE, INC.",SELF,CIK0001031235,USD,1923348.0,96466.0,,33935173.0,26729.0,,,,58900449.0,,,792024.0,755487.0,,,,,1547511.0,,,,,,,,,15000.0,,1878591.0,,2045356.0,,0.065,0.01,450000000.0,7692624.0,7692624.0,76926.0,89368.0,,19924203.0,34300000.0,,,349507.0,,,98921.0,500021.0,500020.0,,0.01,,0.01,,1547511.0,,0.0,0.0,0.0,436335.0,694121.0,,,,,,,219792.0,,,,,,5493814.0,,,21296762.0,58900449.0,,17755943.0,,535816.0,513857.0,492797.0,472600.0,153190.0,,-180021.0,,,,,,,89368.0,19373414.0,,,,,11.0,1586637.0,471516.0,1988133.0,,,30576.0,15288.0,,15288.0,,1988133.0,,,17665.0,-382148.0,,,,,,,,,,0.01,50000000.0,0.0,0.0,407835.0,,,,,,,,,,,,,,3305415.0,51821840.0,54109160.0,,,166765.0,3591588.0,70020.0,2058153.0,,,,,37603687.0,,,550789.0,0.0,7626286.0,,7623182.0
2018-12-31,2019-04-01,10-K,"GLOBAL SELF STORAGE, INC.",SELF,CIK0001031235,USD,2113172.0,67604.0,,33961903.0,80771.0,49118.0,765508.0,0.0,58588298.0,,,,,,,,,,,,,,,,,,198000.0,,1526203.0,-544149.0,1712266.0,-544149.0,0.26,0.01,450000000.0,7692624.0,7692624.0,76926.0,619448.0,,19809511.0,34600000.0,471196.0,1398358.0,1398358.0,1398358.0,,94816.0,1995327.0,1992397.0,,0.08,,0.08,,1567607.0,755487.0,0.0,0.0,0.0,1826446.0,694121.0,155323.0,-35685.0,41937.0,,,,897937.0,,837074.0,,,,5493814.0,,,21382422.0,58588298.0,,17197229.0,511098.0,558714.0,535816.0,513857.0,492797.0,,,15517.0,-2660866.0,,-164532.0,,2281249.0,,619448.0,19269250.0,,,1.0,,11.0,6685407.0,1425572.0,7850870.0,,,,,,15288.0,,7850870.0,,,76296.0,-806124.0,,,,477981.0,1992397.0,,,,,0.01,50000000.0,0.0,0.0,263767.0,,,,,,619448.0,3509743.0,51391805.0,5493814.0,3151119.0,48240686.0,5493814.0,56885619.0,3656220.0,57467957.0,53811737.0,,190488.0,186063.0,3167047.0,260109.0,8110979.0,,,80771.0,,37205876.0,,,540261.0,0.0,7624122.0,,7622287.0
2019-03-31,2019-05-15,10-Q,"GLOBAL SELF STORAGE, INC.",SELF,CIK0001031235,USD,2284943.0,91340.0,,34015649.0,54160.0,50298.0,,,58393327.0,,,,,,,,,,,,,,,,,,8250.0,,1475505.0,-31386.0,1680880.0,-31386.0,0.065,0.01,450000000.0,7733967.0,7733967.0,77340.0,187823.0,,19693614.0,34300000.0,431365.0,351644.0,351644.0,351644.0,,117217.0,503294.0,503294.0,,0.02,,0.02,,1722056.0,755487.0,0.0,0.0,0.0,555928.0,694121.0,167521.0,23736.0,19914.0,,,,261166.0,,207200.0,,,,5493814.0,,,21448762.0,58393327.0,,17197229.0,,558714.0,535816.0,513857.0,492797.0,395201.0,,154449.0,-614942.0,,-29791.0,,613347.0,,187823.0,19163819.0,,,1.0,,11.0,1829171.0,277340.0,2038684.0,0.0,0.0,,,,,15288.0,,,,17200.0,-89517.0,,,,,499044.0,,,,,0.01,50000000.0,0.0,0.0,283681.0,,,,,,187823.0,,,,,,,,4007864.0,51886717.0,53489884.0,,115898.0,205375.0,2851576.0,67827.0,2106511.0,,,54160.0,,36944565.0,,,529795.0,0.0,7637733.0,,7630722.0
2019-06-30,2019-08-14,10-Q,"GLOBAL SELF STORAGE, INC.",SELF,CIK0001031235,USD,2288432.0,105944.0,,34067426.0,51730.0,,,,57976272.0,,,,,,,,,,,,,,,,,,15044.0,,1091670.0,,1316376.0,,0.065,0.01,450000000.0,7729330.0,7729330.0,77293.0,136845.0,,19576497.0,34300000.0,391533.0,,352809.0,,,339490.0,502407.0,502407.0,,0.02,,0.02,,1794889.0,755487.0,0.0,0.0,0.0,554635.0,694121.0,,,,,,,256104.0,,,,,,5493814.0,,,21345539.0,57976272.0,,17197229.0,,558714.0,535816.0,513857.0,492797.0,278084.0,,72833.0,,,,,,,136845.0,19057107.0,,,,,11.0,1846017.0,302670.0,2077453.0,0.0,0.0,,,,,15288.0,,,,17446.0,-165825.0,,,,,,,,,,0.01,50000000.0,0.0,0.0,299497.0,,,,,,,,,,,,,,4360596.0,51901204.0,53373912.0,,,224706.0,2486014.0,71234.0,2148687.0,,,,,36630733.0,,,519390.0,0.0,7650296.0,,7640991.0
2019-09-30,2019-11-14,10-Q,"GLOBAL SELF STORAGE, INC.",SELF,CIK0001031235,USD,2385332.0,102083.0,,34096859.0,29430.0,,,,58121444.0,,,,,,,,,,,,,,,,,,72691.0,,1116000.0,,1360059.0,,0.065,0.01,450000000.0,7729006.0,7729006.0,77290.0,249233.0,,19458149.0,34300000.0,351701.0,,351711.0,,,519198.0,502385.0,502385.0,,0.03,,0.03,,1922709.0,755487.0,0.0,0.0,0.0,533418.0,694121.0,,,,,,,255963.0,,,,,,5493814.0,,,21714433.0,58121444.0,380000.0,17197229.0,,558714.0,535816.0,513857.0,492797.0,159736.0,,127820.0,,,,,,,249233.0,18949101.0,,,,,11.0,1827051.0,360196.0,2115053.0,0.0,0.0,,,,,15288.0,,,,17180.0,-110963.0,,,,,,,,,,0.01,50000000.0,0.0,0.0,457029.0,,,,,,,,,,,,,,4712307.0,57946049.0,53233742.0,,,244059.0,2232862.0,72194.0,2187247.0,,,,,36407011.0,,,509048.0,0.0,7652257.0,,7646875.0
2019-12-31,2020-03-30,10-K,"GLOBAL SELF STORAGE, INC.",SELF,CIK0001031235,USD,1841640.0,164078.0,,40329502.0,102989.0,200819.0,832008.0,0.0,67661343.0,,,,,,,,,,,,,,,,,,124428.0,,3990160.0,,4253565.0,2541299.0,0.26,0.01,450000000.0,9330297.0,9330297.0,93303.0,,,19338556.0,34600000.0,311869.0,,1438908.0,1438908.0,,1532235.0,2114555.0,2107376.0,7179.0,0.08,,0.08,,1761312.0,755487.0,0.0,0.0,0.0,2126804.0,694121.0,-298390.0,96474.0,37436.0,,398795.0,,1075576.0,,821434.0,,,,6122065.0,,,25595427.0,67661343.0,4914000.0,16654781.0,492797.0,582591.0,558714.0,535816.0,513857.0,,,193705.0,8616656.0,,-7782687.0,,1707330.0,,590619.0,18839787.0,,,1.0,,13.0,7267498.0,1400824.0,8371292.0,37700.0,37700.0,,,,,,,0.0478,,71666.0,-810205.0,,,,,2107376.0,6287082.0,,,,0.01,50000000.0,0.0,0.0,325450.0,6280987.0,4914000.0,,,,590619.0,6264236.0,59419039.0,6122065.0,6211205.0,53470167.0,6122065.0,65541104.0,5080485.0,64832638.0,59752153.0,,470955.0,263405.0,1643111.0,,8668322.0,,,102989.0,,42065916.0,6280987.0,,498769.0,0.0,7702117.0,,7699966.0
2020-03-31,2020-05-15,10-Q,"GLOBAL SELF STORAGE, INC.",SELF,CIK0001031235,USD,2067528.0,108655.0,,40358405.0,29162.0,50047.0,,,66842865.0,,,,,,,,,,,,,,,,,,9240.0,,3069696.0,,2687725.0,-901110.0,0.065,0.01,450000000.0,9356202.0,9356202.0,93562.0,,,19217706.0,34300000.0,272037.0,,515937.0,515937.0,,5658.0,606469.0,606469.0,1795.0,-0.04,,-0.04,,1570907.0,755487.0,0.0,0.0,0.0,682623.0,694121.0,224911.0,-55423.0,84099.0,,261844.0,,305783.0,,267132.0,,,,6122065.0,,,25710680.0,66842865.0,4914000.0,16614638.0,,582591.0,558714.0,535816.0,513857.0,412090.0,,-190405.0,-726342.0,,-800130.0,,625362.0,,-356424.0,18729152.0,,,1.0,,13.0,2123880.0,115664.0,2150240.0,34575.0,34575.0,,,,,,,0.0478,,24100.0,-472088.0,,,,,605492.0,,,,,0.01,50000000.0,0.0,0.0,409549.0,,,,,,-356424.0,,,,,,,,5459471.0,65632768.0,60173297.0,,120850.0,282759.0,680218.0,,2239544.0,,,29162.0,,41132185.0,,,488554.0,0.0,9262811.0,,9262811.0
2020-06-30,2020-08-14,10-Q,"GLOBAL SELF STORAGE, INC.",SELF,CIK0001031235,USD,1884088.0,86082.0,,40393722.0,35317.0,,,,65952473.0,,,,,,,,,,,,,,,,,,817.0,,2385653.0,,2687725.0,,0.065,0.01,450000000.0,9356202.0,9356202.0,93562.0,,,19095584.0,34300000.0,232206.0,,502746.0,,,46187.0,608154.0,608153.0,1954.0,0.0,,0.0,,1543143.0,755487.0,0.0,0.0,0.0,575568.0,694121.0,,,,,158485.0,,294522.0,,,,,,6122065.0,,,25415269.0,65952473.0,4914000.0,16614638.0,,582591.0,558714.0,535816.0,513857.0,289968.0,,-27764.0,,,,,,,-22144.0,18617181.0,,,,,13.0,1954340.0,279872.0,2133512.0,31412.0,31412.0,,,,,,,0.0478,,20270.0,-302016.0,,,,,,,,,,0.01,50000000.0,0.0,0.0,432964.0,,,,,,,,,,,,,,5858856.0,65976603.0,60117747.0,,,302072.0,49920.0,,2234212.0,,,,,40537204.0,,,478403.0,0.0,9269567.0,,9269567.0
2020-09-30,2020-11-16,10-Q,"GLOBAL SELF STORAGE, INC.",SELF,CIK0001031235,USD,1534179.0,69072.0,,40429005.0,35283.0,,,,65483497.0,,,,,,,,,,,,,,,,,,471.0,,1596158.0,,1917534.0,,0.065,0.01,450000000.0,9356202.0,9356202.0,93562.0,,,18972178.0,34300000.0,192374.0,,509219.0,,,,608153.0,608153.0,2930.0,0.04,,0.04,,1788714.0,755487.0,0.0,0.0,0.0,564162.0,694121.0,,,,,55125.0,,290802.0,,,,,,6122065.0,,,25182039.0,65483497.0,5144000.0,,513857.0,,582591.0,558714.0,535816.0,166562.0,,245571.0,,,,,,,337124.0,18503860.0,,,,,13.0,1981202.0,364707.0,2237424.0,28211.0,28211.0,,,,,,,0.0478,,17648.0,-27583.0,,,,,,,,,,0.01,50000000.0,0.0,0.0,601275.0,,,,,,,,,,,,,,6264716.0,66429998.0,60165282.0,,,321376.0,-221109.0,,2345909.0,,,,,40301458.0,,,468318.0,0.0,9290984.0,,9277043.0
2020-12-31,2021-03-31,10-K,"GLOBAL SELF STORAGE, INC.",SELF,CIK0001031235,USD,1373308.0,106521.0,,40455409.0,126035.0,199797.0,,0.0,64945375.0,,,,,,,,,,,,,,,,,,10998.0,,1614771.0,,1955443.0,-2298122.0,0.26,0.01,450000000.0,9343118.0,9343118.0,93431.0,,,18847475.0,25900000.0,152542.0,,1989761.0,1989761.0,,,2427401.0,2427401.0,358.0,0.03,,0.03,,1916451.0,755487.0,0.0,0.0,0.0,2388960.0,694121.0,-468710.0,-57557.0,26314.0,,,,1180341.0,,996904.0,,,,6122065.0,,,24906484.0,64945375.0,5144000.0,16049009.0,513857.0,607488.0,582591.0,558714.0,535816.0,,,155139.0,-2688104.0,,-1607346.0,,1997328.0,,274341.0,18389176.0,,,1.0,,13.0,7976312.0,1220212.0,8789548.0,24972.0,24972.0,14254.0,,,,,,0.0478,,79331.0,-945871.0,,,,,2427023.0,,,,,0.01,50000000.0,0.0,0.0,351764.0,,230000.0,,,,274341.0,,,,,,,,6671450.0,66439983.0,59768533.0,,491081.0,340672.0,-509949.0,,9196524.0,,,126035.0,,40038891.0,,,458299.0,0.0,9282687.0,,9273554.0
2021-03-31,2021-05-13,10-Q,"GLOBAL SELF STORAGE, INC.",SELF,CIK0001031235,USD,1427766.0,78519.0,,40486480.0,31706.0,49784.0,,0.0,64719421.0,,,,,,,,,,,,,,,,,,,,1496071.0,,8391674.0,-99409.0,0.065,0.01,450000000.0,9406593.0,9406593.0,94066.0,,,18721460.0,25800000.0,112711.0,,405615.0,405615.0,,,607303.0,607177.0,126.0,0.04,,0.04,,2131187.0,755487.0,0.0,0.0,0.0,578617.0,694121.0,54332.0,-28002.0,90132.0,,,,285492.0,,237477.0,,,,6122065.0,,,24844880.0,64719421.0,5144000.0,,535816.0,,607488.0,582591.0,558714.0,429700.0,,214736.0,-733192.0,,-42035.0,,675818.0,,411247.0,18273114.0,,,1.0,,13.0,1978255.0,463933.0,2333238.0,21694.0,21694.0,,,,,,,0.0478,,18070.0,-52686.0,,,,,607177.0,,,,,0.01,50000000.0,0.0,0.0,441896.0,,,,,,411247.0,,,,,,,,7077065.0,66482018.0,59404953.0,,126015.0,359963.0,-706005.0,,2442188.0,,,31706.0,,39874541.0,,,448346.0,0.0,9309287.0,,9292488.0
2021-06-30,2021-08-16,10-Q,"GLOBAL SELF STORAGE, INC.",SELF,CIK0001031235,USD,1698405.0,148058.0,,46712620.0,54476.0,,,,71360836.0,,,,,,,,,,,,,,,,,,4837.0,,8179428.0,,8391674.0,,0.065,0.01,450000000.0,10708613.0,10708613.0,107086.0,,,18594120.0,25800000.0,72879.0,,406561.0,,,,612228.0,612228.0,1103.0,0.09,,0.09,,2625648.0,755487.0,0.0,0.0,0.0,631208.0,694121.0,,,,,,,286572.0,,,,,,6122065.0,,,24998064.0,71360836.0,5144000.0,,535816.0,,607488.0,582591.0,558714.0,302360.0,,494461.0,,,,,,,861299.0,18155659.0,,,,,13.0,1939903.0,634618.0,2460667.0,18377.0,18377.0,,,,,,,0.0478,,18792.0,226681.0,,,,,,,,,,0.01,50000000.0,0.0,0.0,300654.0,,,,,,,,,,,,,,7483625.0,66611427.0,59127802.0,,,212246.0,-456934.0,,2574521.0,,,,,46362772.0,6184684.0,,438461.0,0.0,9402479.0,,9363981.0
2021-09-30,2021-11-15,10-Q,"GLOBAL SELF STORAGE, INC.",SELF,CIK0001031235,USD,1439711.0,106200.0,,46766712.0,54092.0,,,,65826374.0,,,,,,,,,,,,,,,,,,1797.0,,2527319.0,,2758824.0,,0.065,0.01,450000000.0,10708613.0,10708613.0,107086.0,,,18465440.0,25800000.0,258948.0,,409763.0,,,,696060.0,696060.0,2079.0,0.06,,0.06,,2707640.0,755487.0,0.0,0.0,0.0,594547.0,694121.0,,,,,,,256502.0,,,,,,6122065.0,11878.0,3563.0,19476508.0,65826374.0,,,535816.0,,607488.0,582591.0,558714.0,173680.0,,81992.0,,,,,,,629062.0,18036797.0,,,,13.0,,1946479.0,784039.0,2608664.0,15020.0,15020.0,,,,,,,0.0478,,19533.0,-154977.0,,,,,,,,,,0.01,50000000.0,0.0,0.0,510420.0,,,,,,,,,,,,,,7893388.0,66683609.0,58790221.0,,,231505.0,-523932.0,,2730518.0,,,,,46349866.0,,,428643.0,0.0,10635006.0,,10601521.0
