end,filed,form,Name,Ticker,CIK,Currency,AccountsPayableCurrent,AccountsPayableCurrentAndNoncurrent,AccountsPayableCurrentAndNoncurrent,AccruedLiabilitiesCurrentAndNoncurrent,AccumulatedOtherComprehensiveIncomeLossForeignCurrencyTranslationAdjustmentNetOfTax,AdditionalPaidInCapital,AllocatedShareBasedCompensationExpense,AntidilutiveSecuritiesExcludedFromComputationOfEarningsPerShareAmount,Assets,AssetsCurrent,Cash,Cash,CashAndCashEquivalentsAtCarryingValue,CashAndCashEquivalentsPeriodIncreaseDecrease,CashCashEquivalentsRestrictedCashAndRestrictedCashEquivalentsPeriodIncreaseDecreaseIncludingExchangeRateEffect,ClassOfWarrantOrRightExercisePriceOfWarrantsOrRights1,CommonStockParOrStatedValuePerShare,CommonStockSharesAuthorized,CommonStockSharesIssued,CommonStockSharesOutstanding,CommonStockValue,DebtInstrumentConvertibleBeneficialConversionFeature,DebtInstrumentConvertibleConversionPrice1,DebtInstrumentFeeAmount,DeferredFederalIncomeTaxExpenseBenefit,DeferredForeignIncomeTaxExpenseBenefit,DeferredOfferingCosts,DeferredTaxAssetsGoodwillAndIntangibleAssets,DeferredTaxAssetsGross,DeferredTaxAssetsInProcessResearchAndDevelopment,DeferredTaxAssetsTaxCreditCarryforwardsResearch,DeferredTaxAssetsValuationAllowance,DepreciationDepletionAndAmortization,DividendsPayableCurrent,DividendsPreferredStockStock,DueFromRelatedParties,DueFromRelatedParties,EarningsPerShareBasicAndDiluted,EffectiveIncomeTaxRateReconciliationAtFederalStatutoryIncomeTaxRate,EffectiveIncomeTaxRateReconciliationChangeInDeferredTaxAssetsValuationAllowance,EffectiveIncomeTaxRateReconciliationChangeInEnactedTaxRate,EffectiveIncomeTaxRateReconciliationNondeductibleExpenseResearchAndDevelopment,EffectiveIncomeTaxRateReconciliationStateAndLocalIncomeTaxes,EmployeeServiceShareBasedCompensationNonvestedAwardsTotalCompensationCostNotYetRecognizedStockOptions,GeneralAndAdministrativeExpense,IncreaseDecreaseInAccountsPayable,IncreaseDecreaseInPrepaidExpense,InterestIncomeExpenseNet,LeaseAndRentalExpense,Liabilities,LiabilitiesAndStockholdersEquity,LiabilitiesCurrent,ManufacturingCosts,NetCashProvidedByUsedInFinancingActivities,NetCashProvidedByUsedInInvestingActivities,NetCashProvidedByUsedInOperatingActivities,NetIncomeLoss,NetIncomeLossAttributableToNoncontrollingInterest,NetIncomeLossAvailableToCommonStockholdersBasic,NonoperatingIncomeExpense,OperatingExpenses,OperatingIncomeLoss,OperatingLeaseCost,OperatingLeasesFutureMinimumPaymentsDue,OperatingLeasesFutureMinimumPaymentsDueCurrent,OperatingLeasesFutureMinimumPaymentsDueInTwoYears,OperatingLossCarryforwards,OtherAccruedLiabilitiesNoncurrent,OtherComprehensiveIncomeLossTax,OtherIncome,OtherLiabilitiesCurrent,OtherPreferredStockDividendsAndAdjustments,OtherResearchAndDevelopmentExpense,PaymentsOfStockIssuanceCosts,PaymentsToAcquirePropertyPlantAndEquipment,PreconfirmationCashAndCashEquivalents,PreferredStockDividendRatePercentage,PreferredStockDividendsIncomeStatementImpact,PreferredStockParOrStatedValuePerShare,PreferredStockSharesAuthorized,PreferredStockSharesIssued,PreferredStockSharesOutstanding,PrepaidExpenseAndOtherAssets,PrepaidExpenseAndOtherAssetsCurrent,ProceedsFromIssuanceOfCommonStock,ProceedsFromIssuanceOfPreferredStockAndPreferenceStock,ProceedsFromIssuanceOfPrivatePlacement,ProceedsFromIssuanceOfWarrants,ProfitLoss,PropertyPlantAndEquipmentNet,ResearchAndDevelopmentExpense,ResearchAndDevelopmentExpenseExcludingAcquiredInProcessCost,ResearchAndDevelopmentInProcess,RestrictedCash,RestrictedCash,RetainedEarningsAccumulatedDeficit,Revenues,SaleOfStockConsiderationReceivedOnTransaction,SaleOfStockNumberOfSharesIssuedInTransaction,SaleOfStockPricePerShare,ShareBasedCompensation,ShareBasedCompensationArrangementByShareBasedPaymentAwardFairValueAssumptionsExpectedDividendRate,ShareBasedCompensationArrangementByShareBasedPaymentAwardFairValueAssumptionsExpectedVolatilityRate,ShareBasedCompensationArrangementByShareBasedPaymentAwardFairValueAssumptionsRiskFreeInterestRate,ShareBasedCompensationArrangementByShareBasedPaymentAwardOptionsExercisableNumber,ShareBasedCompensationArrangementByShareBasedPaymentAwardOptionsExercisableWeightedAverageExercisePrice,ShareBasedCompensationArrangementByShareBasedPaymentAwardOptionsGrantsInPeriod,ShareBasedCompensationArrangementByShareBasedPaymentAwardOptionsGrantsInPeriodWeightedAverageGrantDateFairValue,ShareBasedCompensationArrangementByShareBasedPaymentAwardOptionsOutstandingIntrinsicValue,ShareBasedCompensationArrangementByShareBasedPaymentAwardOptionsOutstandingNumber,ShareBasedCompensationArrangementByShareBasedPaymentAwardOptionsOutstandingPeriodIncreaseDecreaseWeightedAverageExercisePrice,ShareBasedCompensationArrangementByShareBasedPaymentAwardOptionsOutstandingWeightedAverageExercisePrice,ShareBasedCompensationArrangementsByShareBasedPaymentAwardOptionsExercisesInPeriodWeightedAverageExercisePrice,ShareBasedCompensationArrangementsByShareBasedPaymentAwardOptionsForfeituresInPeriodWeightedAverageExercisePrice,ShareBasedCompensationArrangementsByShareBasedPaymentAwardOptionsGrantsInPeriodWeightedAverageExercisePrice,SharebasedCompensationArrangementBySharebasedPaymentAwardEquityInstrumentsOtherThanOptionsAggregateIntrinsicValueNonvested,SharePrice,StockholdersEquity,StockIssuedDuringPeriodSharesNewIssues,StockIssuedDuringPeriodSharesShareBasedCompensation,StockIssuedDuringPeriodSharesStockOptionsExercised,StockIssuedDuringPeriodValueConversionOfConvertibleSecurities,StockIssuedDuringPeriodValueIssuedForServices,StockIssuedDuringPeriodValueNewIssues,StockIssuedDuringPeriodValueOther,SurplusNotes,TaxAdjustmentsSettlementsAndUnusualProvisions,TemporaryEquityCarryingAmountAttributableToParent,TemporaryEquityLiquidationPreference,WeightedAverageNumberOfShareOutstandingBasicAndDiluted,WeightedAverageNumberOfSharesOutstandingBasic,CashCashEquivalentsRestrictedCashAndRestrictedCashEquivalents,DeferredTaxAssetsOperatingLossCarryforwards,IncreaseDecreaseInAccruedSalaries
2019-09-30,2019-12-09,10-Q,"TFF Pharmaceuticals, Inc.",TFFP,CIK0001733413,AUD,691105.0,,,,,206455.0,-229016.0,,11032759.0,10570866.0,,,10550569.0,,,0.01,0.001,45000000.0,4000000.0,4000000.0,4000.0,,,,,,461893.0,,,,,,,1497226.0,258635.0,,,-0.7,,,,,,1167042.0,300640.0,,,25865.0,,2188331.0,11032759.0,,,,,,-2838303.0,,-3096938.0,25865.0,2864168.0,-2864168.0,,39500.0,9500.0,30000.0,,,-3096938.0,,,,,,,,,258635.0,0.001,10000000.0,8930000.0,8930000.0,20297.0,,,,,,-2838303.0,,2563528.0,,,,,-11050224.0,,,,,-229016.0,,,,,,,,,1058212.0,,1.56,,,,,,-10839769.0,,,,,,,,8383000.0,,19684197.0,23822226.0,4400000.0,,,,
2019-12-31,2020-03-27,10-K,"TFF Pharmaceuticals, Inc.",TFFP,CIK0001733413,AUD,410638.0,,,1132013.0,,43338710.0,590041.0,3215541.0,29187398.0,29187398.0,,0.0,28094936.0,17833265.0,17833265.0,0.01,0.001,45000000.0,18450992.0,18450992.0,18451.0,23930000.0,2.5,,-2952519.0,,,105580.0,3814930.0,532711.0,690525.0,3814930.0,,875359.0,875359.0,,,-5.31,0.21,0.2487,-0.0012,0.0399,0.0,3940461.0,3165331.0,12449.0,1080397.0,117329.0,36000.0,1542651.0,29187398.0,410638.0,,29049387.0,,-11216122.0,-11870228.0,,-36675338.0,117329.0,11987557.0,-11987557.0,28000.0,,30000.0,,2789541.0,1132013.0,-11870228.0,,,23929751.0,1132000.0,,,28095000.0,0.06,875359.0,0.001,10000000.0,0.0,0.0,1092462.0,,21851160.0,7198227.0,,,-11870228.0,,8822226.0,,977000.0,,,-15712414.0,,,,5.0,590041.0,0.0,,,,,1065996.0,3.08,4052512.0,1476463.0,4.42,2.71,,,4.42,,,27644747.0,,,,21287907.0,,,,28777000.0,2952519.0,,,6904983.0,400000.0,28094936.0,,
2020-03-31,2020-05-14,10-Q,"TFF Pharmaceuticals, Inc.",TFFP,CIK0001733413,AUD,1204951.0,,,,-20283.0,44896346.0,425844.0,3312796.0,,26590074.0,,,25731010.0,-2363926.0,-2363926.0,0.01,0.001,45000000.0,18671658.0,18671658.0,18672.0,,,,,,,,,,,,,,,,,-0.2,,,,,,3888589.0,1617924.0,796208.0,-222730.0,56268.0,36000.0,1204951.0,26590074.0,1204951.0,,,,-2352416.0,-3797198.0,,-3797198.0,56268.0,3853466.0,-3853466.0,9000.0,,21000.0,,,,-3817481.0,,,,341000.0,,,25731000.0,,,,,,,859064.0,,,,,1132013.0,-3797198.0,,2235542.0,,,,,-19509612.0,,,,,425844.0,0.0,0.89,,,,,3.73,,,5.06,,,,,,,25385123.0,,,,,1132013.0,,,25385000.0,,,,19008611.0,400000.0,,,
2020-06-30,2020-08-13,10-Q,"TFF Pharmaceuticals, Inc.",TFFP,CIK0001733413,AUD,689803.0,,,,-39491.0,45191702.0,295356.0,,,22534495.0,,,21924119.0,,,0.01,0.001,45000000.0,18671658.0,18671658.0,18672.0,,,,,,,,,,,,,,,,,-0.2,,,,,,4043000.0,1274803.0,,,25995.0,,689803.0,22534495.0,689803.0,,,,,-3816579.0,-3816579.0,-3816579.0,25995.0,3842574.0,-3842574.0,9000.0,,12000.0,,,,-3835787.0,,,,682000.0,,,21924000.0,,,,,,,610376.0,,,,,,-3816579.0,,2567771.0,,,,,-23326191.0,,,,,295356.0,,,,,,,,,,,,,,,,,21844692.0,,,,,,,,21845000.0,,,,19071658.0,,,,
2020-09-30,2020-11-05,10-Q,"TFF Pharmaceuticals, Inc.",TFFP,CIK0001733413,AUD,1573384.0,,,,-67663.0,70014551.0,546120.0,,43158272.0,42212907.0,,,41617891.0,,,0.01,0.001,45000000.0,22226284.0,22226284.0,22226.0,,,,,,,,,,,,,,,,,-0.24,,,,,,9546000.0,2254912.0,,,20546.0,,1573384.0,43158272.0,1573384.0,,,,,-5058035.0,-5058035.0,-5058035.0,20546.0,5078581.0,-5078581.0,9000.0,39000.0,9000.0,30000.0,,,-5086207.0,,,,249000.0,,,41618000.0,,,,,,,595016.0,,,,,,-5058035.0,945365.0,2823669.0,,,,,-28384226.0,,,,,546120.0,,,,,,,,,,,,,,,,,41584888.0,,,,,,,24280283.0,40640000.0,,,,20867526.0,400000.0,,,
2020-12-31,2021-03-10,10-K,"TFF Pharmaceuticals, Inc.",TFFP,CIK0001733413,AUD,1297725.0,170000.0,59000.0,,-51538.0,71648453.0,,3027850.0,38661842.0,37559034.0,214240.0,165092.0,35300805.0,,7205869.0,0.01,0.001,45000000.0,22534874.0,22534874.0,22535.0,23930000.0,2.5,,-4502016.0,-480666.0,,136226.0,8797612.0,1092345.0,1486704.0,8797612.0,,,,,221521.0,-0.91,0.21,0.2402,,0.0509,0.0,9074000.0,8012085.0,862676.0,1122495.0,126416.0,36000.0,1322040.0,38661842.0,1322040.0,,24994665.0,-1102808.0,-16615589.0,-18567234.0,-18567234.0,-18567234.0,126416.0,18693650.0,-18693650.0,59000.0,,,30000.0,6807300.0,,-18618772.0,,24315.0,,,,1102808.0,35301000.0,,,,,,,2258229.0,0.0,,,,1132013.0,-18567234.0,1102808.0,10681565.0,,1824000.0,214240.0,165092.0,-34279648.0,,,,5.0,2187149.0,0.0,,,755885.0,3.25,782045.0,9.25,22789233.0,817355.0,10.42,2.68,2.74,4.86,10.42,,,37339802.0,,25625.0,285003.0,,1132013.0,,24280283.0,36237000.0,4982682.0,,,20425162.0,400000.0,35300805.0,6807300.0,
2021-03-31,2021-05-13,10-Q,"TFF Pharmaceuticals, Inc.",TFFP,CIK0001733413,AUD,1817034.0,,108000.0,,-89496.0,101535068.0,,2765072.0,61353747.0,59776306.0,717058.0,546163.0,58055122.0,,22754317.0,0.01,0.001,45000000.0,25364281.0,25364281.0,25364.0,,,,,,,,,,,,1495.0,,,,,-0.33,,,,,,8474000.0,2647415.0,521114.0,-534612.0,15499.0,36000.0,1817034.0,61353747.0,,,28859029.0,-476128.0,-5591254.0,-7654575.0,,,246777.0,7925667.0,-7901352.0,9000.0,,,21000.0,,,-7692533.0,231278.0,,,494000.0,,476128.0,,,,,,,,1721184.0,,180212.0,,,,-7654575.0,1577441.0,5278252.0,,,,,-41934223.0,24315.0,30000000.0,2140000.0,14.0,1030415.0,,0.89,0.0109,660382.0,3.61,10000.0,,18262737.0,,,,,2.68,15.9,3700000.0,,59536713.0,,-244656.0,,,,,28023564.0,57959000.0,,,,23140607.0,,,,
2021-06-30,2021-08-12,10-Q,"TFF Pharmaceuticals, Inc.",TFFP,CIK0001733413,AUD,1509224.0,,28000.0,,-116830.0,102301550.0,,,57154381.0,55457343.0,234930.0,176188.0,52067339.0,,,0.01,0.001,45000000.0,25371781.0,25371781.0,25372.0,,,,,,,,,932057.0,,,,,,,26850.0,-0.18,,,,,,7792000.0,2351007.0,,,14069.0,,1534224.0,57154381.0,,,,,,-4655712.0,-4655712.0,,455615.0,5113177.0,-5111327.0,19000.0,,,12000.0,,,-4683046.0,441546.0,25000.0,,303000.0,,,,,,,,,,1968726.0,,,,,,-4655712.0,1697038.0,2762170.0,516407.0,1850.0,,,-46589935.0,1850.0,,,,740535.0,,,,801762.0,3.66,,,10693880.0,,,,,,,3751000.0,,55620157.0,,,,,,-8545.0,,53923000.0,,,,25369144.0,400000.0,,,
2021-09-30,2021-11-15,10-Q,"TFF Pharmaceuticals, Inc.",TFFP,CIK0001733413,AUD,1557612.0,105000.0,76000.0,,-170328.0,103158144.0,,,49302209.0,47491974.0,,,44715743.0,,,,0.001,45000000.0,25371781.0,25371781.0,25372.0,,,,,,,,,1111540.0,,,,,,307053.0,,-0.34,,,,,,9316000.0,2387585.0,,,12051.0,,1557612.0,49302209.0,,,,,,-8678656.0,-8678656.0,,-1078.0,8727578.0,-8677578.0,20000.0,39000.0,9000.0,30000.0,,,-8732154.0,-13129.0,,,639000.0,,,,,,,,,,833630.0,25000.0,,,,,-8678656.0,1810235.0,6339993.0,219520.0,50000.0,214240.0,,-55268591.0,50000.0,,,,856594.0,,,,1049615.0,4.73,,,7113579.0,,,,,,,3751000.0,,47744597.0,,,,,,,,45934000.0,,,,25371781.0,,,,
