end,filed,form,Name,Ticker,CIK,Currency,AccountsPayableAndAccruedLiabilitiesCurrent,AccountsPayableRelatedPartiesCurrent,AccountsReceivableNetCurrent,AccruedLiabilitiesCurrent,AccumulatedDepreciationDepletionAndAmortizationPropertyPlantAndEquipment,AccumulatedOtherComprehensiveIncomeLossNetOfTax,AdditionalPaidInCapital,AllowanceForDoubtfulAccountsReceivable,AllowanceForDoubtfulAccountsReceivableCurrent,Assets,AssetsCurrent,CashAndCashEquivalentsAtCarryingValue,CashAndCashEquivalentsPeriodIncreaseDecrease,CashCashEquivalentsRestrictedCashAndRestrictedCashEquivalentsPeriodIncreaseDecreaseIncludingExchangeRateEffect,CommonStockParOrStatedValuePerShare,CommonStockShareSubscribedButUnissuedSubscriptionsReceivable,CommonStockSharesAuthorized,CommonStockSharesIssued,CommonStockSharesOutstanding,CommonStockSharesSubscriptions,CommonStockValue,ComprehensiveIncomeNetOfTax,ComprehensiveIncomeNetOfTaxAttributableToNoncontrollingInterest,ComprehensiveIncomeNetOfTaxIncludingPortionAttributableToNoncontrollingInterest,ConstructionInProgressExpendituresIncurredButNotYetPaid,ConstructionInProgressGross,CostOfGoodsAndServicesSold,CostOfGoodsSoldDepreciation,CostOfServicesDepreciation,DebtDefaultLongtermDebtAmount,DebtInstrumentFaceAmount,DeferredRevenue,DeferredRevenueCurrent,DeferredTaxAssetsOperatingLossCarryforwards,DeferredTaxAssetsValuationAllowance,Depreciation,DepreciationDepletionAndAmortization,DueToOfficersOrStockholdersCurrent,DueToRelatedPartiesCurrent,EffectiveIncomeTaxRateReconciliationAtFederalStatutoryIncomeTaxRate,EffectOfExchangeRateOnCashAndCashEquivalents,FinancingReceivablesImpairedTroubledDebtRestructuringWriteDown,ForeignCurrencyTransactionGainLossBeforeTax,GainLossOnSalesOfAssetsAndAssetImpairmentCharges,GoodwillAndIntangibleAssetImpairment,GoodwillImpairedAccumulatedImpairmentLoss,GoodwillImpairmentLoss,GrossProfit,ImpairmentOfLongLivedAssetsHeldForUse,IncomeLossFromContinuingOperationsBeforeIncomeTaxesMinorityInterestAndIncomeLossFromEquityMethodInvestments,IncomeLossFromContinuingOperationsPerBasicAndDilutedShare,IncomeTaxExpenseBenefit,IncomeTaxReconciliationChangeInDeferredTaxAssetsValuationAllowance,IncomeTaxReconciliationIncomeTaxExpenseBenefitAtFederalStatutoryIncomeTaxRate,IncreaseDecreaseInAccountsPayableAndAccruedLiabilities,IncreaseDecreaseInAccountsPayableRelatedParties,IncreaseDecreaseInAccountsReceivable,IncreaseDecreaseInAccruedLiabilities,IncreaseDecreaseInDeferredRevenue,IncreaseDecreaseInDueToRelatedParties,IncreaseDecreaseInDueToRelatedPartiesCurrent,IncreaseDecreaseInInventories,IncreaseDecreaseInOtherCurrentAssets,IncreaseDecreaseInOtherReceivables,IncreaseDecreaseInPrepaidDeferredExpenseAndOtherAssets,IncreaseDecreaseInPrepaidExpense,IncreaseDecreaseInReceivables,InterestExpense,InventoryWriteDown,LiabilitiesAndStockholdersEquity,LiabilitiesCurrent,MinorityInterest,NetCashProvidedByUsedInFinancingActivities,NetCashProvidedByUsedInInvestingActivities,NetCashProvidedByUsedInOperatingActivities,NetIncomeLoss,NetIncomeLossAttributableToNoncontrollingInterest,NetIncomeLossAvailableToCommonStockholdersBasic,NonoperatingIncomeExpense,OperatingExpenses,OperatingIncomeLoss,OperatingLossCarryforwards,OtherAssetsCurrent,OtherComprehensiveIncomeForeignCurrencyTransactionAndTranslationAdjustmentNetOfTaxPortionAttributableToParent,OtherComprehensiveIncomeLossForeignCurrencyTranslationAdjustmentTax,OtherComprehensiveIncomeLossNetOfTaxPortionAttributableToParent,OtherIncome,OtherNonoperatingExpense,OtherNonoperatingIncome,OtherNonoperatingIncomeExpense,OtherShortTermBorrowings,PaymentsToAcquirePropertyPlantAndEquipment,PrepaidExpenseAndOtherAssetsCurrent,ProceedsFromLinesOfCredit,ProceedsFromRelatedPartyDebt,ProceedsFromRepaymentsOfRelatedPartyDebt,ProceedsFromShortTermDebt,ProfitLoss,PropertyPlantAndEquipmentGross,PropertyPlantAndEquipmentNet,ProvisionForDoubtfulAccounts,ReceivablesNetCurrent,RepaymentsOfRelatedPartyDebt,RepaymentsOfShortTermDebt,RetainedEarningsAccumulatedDeficit,SalesRevenueNet,SellingGeneralAndAdministrativeExpense,SharesIssuedPricePerShare,ShortTermBorrowings,ShortTermDebtWeightedAverageInterestRate,StockholdersEquity,StockholdersEquityIncludingPortionAttributableToNoncontrollingInterest,StockIssuedDuringPeriodSharesNewIssues,StockIssuedDuringPeriodValueConversionOfUnits,TemporaryEquityForeignCurrencyTranslationAdjustments,TranslationAdjustmentFunctionalToReportingCurrencyNetOfTax,UndistributedEarningsOfForeignSubsidiaries,ValueAddedTaxReceivable,WeightedAverageNumberOfShareOutstandingBasicAndDiluted
2015-06-30,2015-08-19,10-Q,ZHEN     DING RESOURCES INC.,RBTK,CIK0001594204,USD,363310.0,,100643.0,2185235.0,1048656.0,-92893.0,12762875.0,100349.0,,2250782.0,306579.0,23712.0,,,0.0001,,150000000.0,63968798.0,63968798.0,-5431.0,6397.0,-281740.0,73477.0,-208263.0,,175069.0,,,,,,164283.0,164283.0,,,85447.0,,,769975.0,,,,,,,,,,,,0.0,,,,,,,,,,,,,,,,,144114.0,,2250782.0,7435072.0,-1675056.0,,,,-279144.0,-72704.0,-206440.0,-144114.0,135030.0,-135030.0,,,,2596.0,,,,,,,,6691.0,,,,,-279144.0,2817790.0,1769134.0,,175533.0,,,-16180182.0,,49583.0,,3952269.0,,-3509234.0,-5184290.0,,,,,,,63968798.0
2015-09-30,2015-11-05,10-Q,ZHEN     DING RESOURCES INC.,RBTK,CIK0001594204,USD,332858.0,,96757.0,2244545.0,1090288.0,37832.0,12762875.0,96476.0,,2077682.0,290558.0,18611.0,,,0.0001,,150000000.0,63968798.0,63968798.0,-5431.0,6397.0,-63292.0,4030.0,-59262.0,,168310.0,,,,,,157941.0,157941.0,,,83370.0,,,740252.0,,,,,,,,,,,,0.0,,,,,,,,,,,,,,,,,142277.0,,2077682.0,7325257.0,-1679086.0,,,,-250020.0,-60040.0,-189980.0,-142277.0,107743.0,-107743.0,,,,-186728.0,,,,,,,,6433.0,,,,,-250020.0,2709102.0,1618814.0,,168757.0,,,-16370162.0,,24373.0,,3849661.0,,-3568489.0,-5247575.0,,,,,,,63968798.0
2015-12-31,2016-04-14,10-K,ZHEN     DING RESOURCES INC.,RBTK,CIK0001594204,USD,327739.0,,,2353997.0,1144493.0,200882.0,12762875.0,201191.0,201191.0,4320.0,4320.0,4320.0,-3879.0,,0.0001,5431.0,150000000.0,63968798.0,63968798.0,-5431.0,6397.0,-2781349.0,787124.0,-1994225.0,,0.0,,335792.0,,3300595.0,,155021.0,155021.0,,,333792.0,335792.0,,761066.0,0.25,,175963.0,25.0,,1784350.0,200000.0,1784350.0,,1800000.0,,-0.04,,,,-7564.0,,,595770.0,,,,,,,-6708.0,,-118.0,579805.0,,4320.0,7382760.0,-2308363.0,186168.0,,-190022.0,-3181949.0,-907304.0,-2274645.0,-579805.0,2602144.0,-2602144.0,18034000.0,,400600.0,-400600.0,,,,,,,,,,149522.0,36646.0,,-3181949.0,2823971.0,,100790.0,175000.0,-36646.0,,-18034800.0,,484002.0,,3784937.0,,-5070077.0,-7378440.0,,,,,,,63968798.0
2016-03-31,2016-05-16,10-Q,ZHEN     DING RESOURCES INC.,RBTK,CIK0001594204,USD,332182.0,,,2510424.0,1152074.0,167594.0,12762875.0,177087.0,190639.0,17748.0,17748.0,17748.0,13428.0,,0.0001,,150000000.0,63968798.0,63968798.0,-5431.0,6397.0,-211853.0,55826.0,-156027.0,,,,,,,,156048.0,156048.0,,,,,,766106.0,0.25,,,2.0,,,,,,,,0.0,,,,2337.0,,,139820.0,,,,,,,,,,138115.0,,17748.0,7608041.0,-2364189.0,35571.0,,-22141.0,-164298.0,-41559.0,-122739.0,-138115.0,26183.0,-26183.0,18000000.0,,,47555.0,,,138115.0,,,,,,,35571.0,,,-164298.0,2842963.0,,,,,,-18157539.0,,26183.0,,3843281.0,,-5226104.0,-7590293.0,,,,,,,63968798.0
2016-06-30,2016-08-11,10-Q,ZHEN     DING RESOURCES INC.,RBTK,CIK0001594204,USD,334857.0,,,2577680.0,1118348.0,313937.0,12762875.0,185058.0,,10646.0,10646.0,10646.0,,,0.0001,,150000000.0,63968798.0,63968798.0,-5431.0,6397.0,35688.0,-21194.0,14494.0,,,,,,,,151480.0,151480.0,,,,,,743680.0,,,,,,,,,,,,0.0,,,,,,,,,,,,,,,,,138844.0,,10646.0,7565251.0,-2342995.0,,,,-173374.0,-41525.0,-131849.0,,34530.0,-34530.0,18000000.0,,,-209062.0,,,,,,,,,,,,,-173374.0,2759804.0,,,162000.0,,,-18289388.0,,34530.0,,3757554.0,,-5211610.0,-7554605.0,,,,,,,63968798.0
2016-09-30,2016-11-07,10-Q,ZHEN     DING RESOURCES INC.,RBTK,CIK0001594204,USD,340666.0,,,2705340.0,1114023.0,329398.0,12762875.0,184343.0,,26063.0,26063.0,26063.0,,,0.0001,,150000000.0,63968798.0,63968798.0,-5431.0,6397.0,-130979.0,32635.0,-98344.0,,,,,,,,150894.0,150894.0,,,,,,740803.0,,,,,,,,,,,,0.0,,,,,,,,,,,,,,,,,132475.0,,26063.0,7711647.0,-2375630.0,,,,-153067.0,-39262.0,-113805.0,,20592.0,-20592.0,18000000.0,,,-22088.0,,,,,,,,,,,,,-153067.0,2749139.0,,,162000.0,,,-18403193.0,,20592.0,,3773944.0,,-5309954.0,-7685584.0,,,,,,,63968798.0
2016-12-31,2017-03-31,10-K,ZHEN     DING RESOURCES INC.,RBTK,CIK0001594204,USD,305804.0,2737056.0,,2737056.0,1069960.0,524801.0,12762875.0,177087.0,,6918.0,6918.0,6918.0,2598.0,,0.0001,5431.0,150000000.0,63968798.0,63968798.0,,6397.0,-193757.0,-22071.0,-171686.0,,,,,,3541957.0,,144926.0,144926.0,,,,,,749219.0,0.25,,,40.0,1800000.0,,,,,1500000.0,,-0.01,,,,-2613.0,541931.0,,541931.0,,,,,,,,,,540227.0,,6918.0,7579115.0,-2330434.0,119819.0,,-117181.0,-656499.0,-160894.0,-495605.0,,115373.0,-115373.0,18000000.0,,462742.0,-462742.0,,,899.0,,,,,,,81068.0,38751.0,,-656499.0,2638222.0,,,155000.0,,,-18530405.0,,115373.0,,3642110.0,,-5241763.0,-7572197.0,,,,,,161000.0,63968798.0
2017-03-31,2017-05-15,10-Q,ZHEN     DING RESOURCES INC.,RBTK,CIK0001594204,USD,326556.0,,,2891401.0,1078350.0,486599.0,12762875.0,178440.0,,33771.0,33771.0,17748.0,13428.0,,0.0001,5431.0,150000000.0,63968798.0,63968798.0,,6397.0,-211853.0,-55826.0,-186762.0,,,,,,3602362.0,,146062.0,146062.0,,,,,,763801.0,0.25,,,2.0,,,,,,,,0.0,,,,2337.0,139820.0,,134168.0,,,,,,,,,,138115.0,,33771.0,7848334.0,-2386038.0,35571.0,,-22141.0,-164298.0,-41559.0,-122739.0,,26183.0,-26183.0,19000000.0,,,47555.0,-156027.0,,134167.0,,,,,,,35571.0,8706.0,,-164298.0,2658911.0,,,,,,-18678965.0,,26183.0,,3720514.0,,-5428525.0,-7814563.0,,,,,,,63968798.0
2017-06-30,2017-08-16,10-Q,ZHEN     DING RESOURCES INC.,RBTK,CIK0001594204,USD,326510.0,,,3073762.0,1096187.0,403118.0,12762875.0,181391.0,,13491.0,13491.0,13491.0,,,0.0001,5431.0,150000000.0,63968798.0,63968798.0,,6397.0,-291970.0,-75347.0,-216623.0,,,,,,3671881.0,,148478.0,148478.0,,,,,,785240.0,,,,,,,,,,,,0.0,,,,,,,,,,,,,,,,,136454.0,,13491.0,8120023.0,-2461385.0,,,,-172711.0,-39569.0,-133142.0,,36257.0,-36257.0,18000000.0,,,119259.0,-216623.0,,,,-136454.0,,,,,,,,-172711.0,2702891.0,,,,,,-18812106.0,,36257.0,,3786033.0,,-5645147.0,-8106532.0,,,,,,159000.0,63968798.0
2017-09-30,2017-11-14,10-Q,ZHEN     DING RESOURCES INC.,RBTK,CIK0001594204,USD,332019.0,3268570.0,,3268570.0,1116996.0,306860.0,12762875.0,181391.0,,19725.0,19725.0,19725.0,,,0.0001,5431.0,150000000.0,63968798.0,63968798.0,,6397.0,-299834.0,-82752.0,-217082.0,,,,,,,,151297.0,151297.0,,,,,,809134.0,,,,,,,,,,,,-0.01,,,,,,,,,,,,,,,,,142756.0,,19725.0,8426091.0,-2544137.0,,,,-162320.0,-41497.0,-120823.0,,19564.0,-19564.0,19000000.0,,,137514.0,-217082.0,,,,-142756.0,,,,,,,,-162320.0,2754199.0,,,,,,-18932930.0,,19564.0,,3865071.0,,-5862229.0,-8406366.0,,,,,,161000.0,63968798.0
2017-12-31,2018-04-11,10-K,ZHEN     DING RESOURCES INC.,RBTK,CIK0001594204,USD,313787.0,3479101.0,,3479101.0,,193802.0,12762875.0,,,7669.0,7669.0,7669.0,751.0,,0.0001,5431.0,150000000.0,63968798.0,63968798.0,,6397.0,-1106300.0,-294554.0,-811746.0,,,,,,,,154619.0,154619.0,2786000.0,2786000.0,,,3939377.0,799282.0,0.25,,,-46.0,,,,,,,,-0.01,,,,-10571.0,562585.0,,,,,,,,,,,,562585.0,,7669.0,8686166.0,-2624988.0,82135.0,,-81430.0,-633444.0,-152697.0,-480747.0,,71317.0,-71317.0,19000000.0,,-472856.0,472856.0,-811746.0,,-458.0,,458.0,,,,,82180.0,-45.0,,-633444.0,,,,,,,-19011152.0,,71317.0,,3939377.0,,-6053509.0,-8678497.0,,,,,,,63968798.0
2018-03-31,2018-05-21,10-Q,ZHEN     DING RESOURCES INC.,RBTK,CIK0001594204,USD,325134.0,3746332.0,,3746332.0,,-9032.0,12762875.0,,,21538.0,21538.0,21538.0,13869.0,,0.0001,5431.0,150000000.0,63968798.0,63968798.0,,6397.0,-452200.0,-126881.0,,,,,,,,,160256.0,160256.0,,,,,,828263.0,0.25,,,-559.0,,,,,,,,0.0,,,,970.0,147056.0,,,,,,,,,,,,147627.0,,21538.0,9152236.0,-2751870.0,27722.0,,-14412.0,-157980.0,-39953.0,-122485.0,,14811.0,-14811.0,19000000.0,,,289762.0,-325319.0,,,,,27500.0,,,27500.0,222.0,,27500.0,-162438.0,,,,,,,-19133637.0,,14811.0,,4064751.0,,-6378828.0,-9126700.0,,,-290233.0,,,,63968798.0
2018-06-30,2018-08-14,10-Q,ZHEN     DING RESOURCES INC.,RBTK,CIK0001594204,USD,288760.0,3706637.0,,3706637.0,,293217.0,12762875.0,,,,18602.0,16614.0,,,0.0001,5431.0,150000000.0,63968798.0,63968798.0,,6397.0,283951.0,97479.0,,,,,,,,,136931.0,136931.0,,,,,,808181.0,,,,,,,,,,,,0.0,,,,,,,,,,,,,,,,,145448.0,,18602.0,8865806.0,-2654390.0,,,,-175286.0,-32056.0,-115777.0,-147833.0,25895.0,-25895.0,,1988.0,,-431784.0,186472.0,23510.0,,,23510.0,52500.0,,,,,,,-147833.0,,,,,,,-19249872.0,,25895.0,,3872797.0,,-6192814.0,-8869859.0,,,432127.0,,,,63968798.0
2018-09-30,2018-11-19,10-Q,ZHEN     DING RESOURCES INC.,RBTK,CIK0001594204,USD,584608.0,3455608.0,,3455608.0,,491962.0,12762875.0,,,,61384.0,23563.0,,,0.0001,5431.0,150000000.0,63968798.0,63968798.0,,6397.0,132650.0,49991.0,,,,,,,,,132006.0,132006.0,,,,,3751731.0,779027.0,,,,,,,,,,,,0.0,,,,,,,,,,,,,,,,,132401.0,,61384.0,8775480.0,-2604399.0,,,,-151331.0,-35245.0,-116086.0,-151331.0,18040.0,-18040.0,19000000.0,37821.0,,-283981.0,82659.0,-890.0,,,-890.0,,,,,,,,-151331.0,,,,,,,-19365500.0,,18040.0,,72500.0,,-6109697.0,-8417096.0,,,283584.0,,0.0,,63968798.0
2018-12-31,2019-04-16,10-K,ZHEN     DING RESOURCES INC.,RBTK,CIK0001594204,USD,604396.0,3572385.0,,3572385.0,,504405.0,12762875.0,,,6812.0,6812.0,5931.0,-1738.0,,0.0001,5431.0,150000000.0,63968798.0,63968798.0,,6397.0,-221011.0,-24037.0,,,,,,,,,131824.0,131824.0,2964000.0,2964000.0,,,3747273.0,777942.0,0.35,,,-443779.0,,,,,,,,-0.01,,,,290609.0,71944.0,,,-22795.0,,,,881.0,,,,,569266.0,,6812.0,8906320.0,-2649025.0,-119604.0,,-325913.0,-664790.0,-157213.0,-507577.0,,118575.0,-118575.0,19000000.0,881.0,443779.0,-443779.0,-196974.0,,,,23051.0,,,,,-192104.0,,72500.0,-664790.0,,,,,,192104.0,-19518729.0,,118575.0,,72500.0,,-6250483.0,-8899508.0,,,,,,,63968798.0
2019-03-31,2019-05-15,10-Q,ZHEN     DING RESOURCES INC.,RBTK,CIK0001594204,USD,629718.0,3785367.0,,3785367.0,,365145.0,12762875.0,,,12742.0,12742.0,11861.0,5930.0,,0.0001,5431.0,150000000.0,63968798.0,63968798.0,,6397.0,-365083.0,-97049.0,,,,,,,,,135088.0,135088.0,,,,,3827509.0,797151.0,0.35,,,198943.0,,,,,,,,-0.01,,,,47795.0,212982.0,,,,,,,,,,,,141333.0,,12742.0,9277333.0,-2746074.0,110236.0,,94637.0,-166140.0,-37366.0,-128774.0,,24807.0,-24807.0,20000000.0,881.0,-198943.0,198943.0,-268034.0,,,,,,,,,80236.0,,30000.0,-166140.0,,,,,,,-19647503.0,,24807.0,,102500.0,,-6518517.0,-9264591.0,,,-198943.0,,0.0,,63968798.0
2019-06-30,2019-08-16,10-Q,ZHEN     DING RESOURCES INC.,RBTK,CIK0001594204,USD,643395.0,3820683.0,,3820683.0,,498567.0,12762875.0,,,,22670.0,22670.0,,,0.0001,5431.0,150000000.0,63968798.0,63968798.0,,6397.0,24323.0,20415.0,,,,,,,,,132006.0,132006.0,,,,,3751893.0,778961.0,,,,,,,,,,,-166279.0,0.0,,,,,,,,,,,,,,,,,139847.0,,22670.0,9262938.0,-2725659.0,,,,-166279.0,-36765.0,-129514.0,-166279.0,26432.0,-26432.0,20000000.0,,190602.0,-190602.0,3908.0,,,,,,,,,,,,-166279.0,,,,,,,-19777017.0,,26432.0,,136000.0,,-6514609.0,-9240268.0,,,-190602.0,,0.0,,63968798.0
2019-09-30,2019-11-14,10-Q,ZHEN     DING RESOURCES INC.,RBTK,CIK0001594204,USD,650445.0,3790757.0,,3790757.0,,720005.0,12762875.0,,,,6095.0,6095.0,,,0.0001,5431.0,150000000.0,63968798.0,63968798.0,,6397.0,-450338.0,60151.0,,,,,,,,,126929.0,126929.0,,,,,3627494.0,749078.0,,,,,,,,,,,-150680.0,0.0,,,,,,,,,,,,,,,,,133658.0,,6095.0,9080703.0,-2665508.0,,,,-150680.0,-34751.0,-115929.0,-150680.0,17089.0,-17089.0,20000000.0,,316340.0,299658.0,-510489.0,,,67.0,67.0,,,,,,,,-150680.0,,,,,,,-19892946.0,,17089.0,,136000.0,,-6409100.0,-9074608.0,,,316340.0,,0.0,,63968798.0
2019-12-31,2020-03-30,10-K,ZHEN     DING RESOURCES INC.,RBTK,CIK0001594204,USD,404939.0,4005488.0,,4219954.0,,574491.0,12762875.0,,,,9133.0,9133.0,3202.0,,0.0001,5431.0,150000000.0,63968798.0,63968798.0,,6397.0,-516181.0,-113115.0,,,,,,,,,130102.0,130102.0,3235800.0,3235800.0,,,3756022.0,767805.0,0.35,,,-100122.0,,,,,,,,-0.01,0.0,-99400.0,99400.0,56035.0,433103.0,,,-1722.0,,,,,,,,,547655.0,,9133.0,9424822.0,-2762140.0,31967.0,,-128887.0,-616303.0,-143151.0,-473152.0,,68714.0,-68714.0,20000000.0,,100122.0,-100122.0,-403066.0,,,,66.0,,,,,-41533.0,,73500.0,-616303.0,,,,,,,-19991881.0,,68714.0,,146000.0,,-6653549.0,-9415689.0,,,,,0.0,,63968798.0
2020-03-31,2020-05-14,10-Q,ZHEN     DING RESOURCES INC.,RBTK,CIK0001594204,USD,679212.0,4053586.0,,4053586.0,,677676.0,12762875.0,,,,5924.0,5924.0,-3209.0,-3209.0,0.0001,5431.0,150000000.0,63968798.0,63968798.0,,6397.0,-11694.0,8461.0,,,,,,,,,127835.0,127835.0,,,,,3650245.0,754429.0,0.21,147408.0,,-147408.0,,,,,,,,-0.01,,,,-6118.0,48098.0,,,,,,,,,,,,138358.0,,5924.0,9433307.0,-2753679.0,-33495.0,,-117122.0,-159102.0,-35762.0,-123340.0,,20748.0,-20748.0,20000000.0,,147408.0,-147408.0,-20155.0,,,4.0,4.0,,,,,-55495.0,,22000.0,-159102.0,,,,,,,-20115221.0,,20748.0,,168000.0,,-6673704.0,-9427383.0,,,,,0.0,,63968798.0
2020-06-30,2020-08-14,10-Q,ZHEN     DING RESOURCES INC.,RBTK,CIK0001594204,USD,701543.0,4183324.0,,4183324.0,,661116.0,12762875.0,,,,5455.0,5455.0,,,0.0001,5431.0,150000000.0,63968798.0,63968798.0,,6397.0,-178463.0,42900.0,,,,,,,,,128198.0,128198.0,,,,,3660167.0,756569.0,,,,,,,,,,,-154805.0,0.0,,,,,,,,,,,,,,,,,138131.0,,5455.0,9611301.0,-2796579.0,,,,-154805.0,-35802.0,-119003.0,,16674.0,-16674.0,20000000.0,,-23658.0,23658.0,-221363.0,,,,,,,,,,,,-154805.0,,,,,,,-20234224.0,,16674.0,,181500.0,,-6809267.0,-9605846.0,,,,123750.0,0.0,,63968798.0
2020-09-30,2020-11-16,10-Q,ZHEN     DING RESOURCES INC.,RBTK,CIK0001594204,USD,733988.0,4481076.0,,4481076.0,,411221.0,12762875.0,,,,9603.0,9603.0,,,0.0001,5431.0,150000000.0,63968798.0,63968798.0,,6397.0,-513554.0,-143679.0,,,,,,,,,133547.0,133547.0,,,,,3792255.0,788137.0,,,,,,,,,,,-156561.0,0.0,,,,,,,,,,,,,,,,,141755.0,,9603.0,10129003.0,-2940258.0,,,,-156561.0,-36581.0,-119980.0,,15044.0,-15044.0,20000000.0,,-356993.0,356993.0,-369875.0,,,238.0,,,,,,,,,-156561.0,,,,,,,-20354204.0,,15044.0,,200000.0,,-7179142.0,-10119400.0,,,,233243.0,0.0,,63968798.0
2020-12-31,2021-04-01,10-K,ZHEN     DING RESOURCES INC.,RBTK,CIK0001594204,USD,376897.0,4844251.0,,4844251.0,,169403.0,13687082.0,,,,3256.0,3256.0,-5877.0,,0.0001,5431.0,150000000.0,110410348.0,110410348.0,,11041.0,-1230007.0,-173608.0,,,,,,,,928851.0,138948.0,138948.0,3131000.0,3131000.0,,,3469005.0,820500.0,0.21,,,-67266.0,,,,,,,,-0.01,0.0,-104800.0,104800.0,2625.0,512492.0,,,,,,,,,,,,582809.0,,3256.0,9720101.0,-3088027.0,63051.0,,-136194.0,-651311.0,-152279.0,-499032.0,,68758.0,-68758.0,20500000.0,,-578696.0,578696.0,-1056399.0,,,,256.0,,,,,,,60500.0,-651311.0,,,,,,,-20490913.0,,68758.0,,70500.0,,-6628818.0,-9716845.0,46442550.0,928851.0,,,,,66131876.0
2021-03-31,2021-05-17,10-Q,ZHEN     DING RESOURCES INC.,RBTK,CIK0001594204,USD,481407.0,4897621.0,,4897621.0,,198857.0,13687082.0,,,,24182.0,24182.0,,20926.0,0.0001,5431.0,150000000.0,110410348.0,110410348.0,,11041.0,-110920.0,26265.0,,,,,,,,,138352.0,138352.0,,,,,3404583.0,816984.0,,42077.0,,,,,,,,,,0.0,,,,100994.0,53370.0,,,-596.0,,,,,,,,,131657.0,,24182.0,9851947.0,-3114292.0,-21922.0,,771.0,-152997.0,-38888.0,-114109.0,,21343.0,-21343.0,,,42077.0,-42077.0,-137185.0,,,3.0,,,,,,,,42500.0,-152997.0,,,,,,,-20605022.0,,21343.0,,113000.0,,-6713473.0,-9827765.0,,,,,,,110411348.0
2021-06-30,2021-08-16,10-Q,ZHEN     DING RESOURCES INC.,RBTK,CIK0001594204,USD,384441.0,5154817.0,,5154817.0,,97859.0,13687082.0,,,,12794.0,12794.0,,,0.0001,5431.0,150000000.0,110410348.0,110410348.0,,11041.0,-288536.0,134975.0,,,,,,,,,140437.0,140437.0,,,,,3507103.0,829297.0,,,,,,,,,,,-144253.0,0.0,,,,,,,,,,,,,,,,,133024.0,,12794.0,10129095.0,-3196737.0,,,,-144253.0,-39160.0,-105093.0,,11229.0,-11229.0,,,-144283.0,144283.0,-423511.0,,,,,,,,,,,,-144253.0,,,,,,,-20710115.0,,11229.0,,113000.0,,-6919564.0,-10116301.0,,,,2369.0,,,110411348.0
2021-09-30,2021-11-15,10-Q,ZHEN     DING RESOURCES INC.,RBTK,CIK0001594204,USD,387802.0,5294591.0,,5294591.0,,84159.0,13687082.0,,,,13359.0,13359.0,,,0.0001,5431.0,150000000.0,110410348.0,110410348.0,,11041.0,-168321.0,-44880.0,,,,,,,,,140709.0,140709.0,,,,,3514475.0,830904.0,,,,,,,,,,,-148749.0,0.0,,,,,,,,,,,,,,,,,133078.0,,13359.0,10297981.0,-3241617.0,,,,-148749.0,-39008.0,-109741.0,,15710.0,-15710.0,,,-19572.0,19572.0,-123441.0,,,39.0,,,,,,,,,-148749.0,,,,,,,-20819856.0,,15710.0,,129500.0,,-7043005.0,-10284622.0,,,,121778.0,,,110411348.0
