end,filed,form,Name,Ticker,CIK,Currency,AccountsPayableCurrent,AccountsReceivableRelatedPartiesCurrent,AccruedProfessionalFeesCurrent,AccruedRentNoncurrent,AdditionalPaidInCapital,AdditionalPaidInCapitalCommonStock,AdvancesToAffiliate,AdvertisingCostsCapitalizedDirectResponseAdvertisingWriteDown,AdvertisingExpense,AllowanceForNotesAndLoansReceivableCurrent,Assets,AssetsCurrent,AssetsNoncurrent,BenefitsLossesAndExpenses,CapitalLeasesContingentRentalPaymentsDue,Cash,CashAndCashEquivalentsAtCarryingValue,CashAndCashEquivalentsPeriodIncreaseDecrease,CashCashEquivalentsAndShortTermInvestments,CashPeriodIncreaseDecrease,CommonStockOtherSharesOutstanding,CommonStockParOrStatedValuePerShare,CommonStockSharesAuthorized,CommonStockSharesIssued,CommonStockSharesOutstanding,CommonStockValue,CommonStockValueOutstanding,CostOfRevenue,CostsAndExpensesRelatedParty,CurrentIncomeTaxExpenseBenefit,DebtAndEquitySecuritiesGainLoss,DebtInstrumentIncreaseDecreaseOtherNet,DeferredTaxAssetsNetCurrent,DeferredTaxAssetsValuationAllowance,DeferredTaxAssetsValuationAllowanceNoncurrent,DemutualizationCostAndExpense,DepositAssets,Depreciation,DepreciationAmortizationAndAccretionNet,DepreciationAndAmortization,DepreciationDepletionAndAmortization,EarningsPerShareBasicAndDiluted,EffectOfExchangeRateOnCashAndCashEquivalentsContinuingOperations,EmployeeRelatedLiabilitiesCurrent,EquipmentExpense,ExcessTaxBenefitFromShareBasedCompensationOperatingActivities,ExtinguishmentOfDebtGainLossNetOfTax,FiniteLivedIntangibleAssetsNet,FurnitureAndFixturesGross,GainLossOnSaleOfProperty,GainLossOnSaleOfPropertyPlantEquipment,GainsLossesOnExtinguishmentOfDebt,GainsLossesOnRestructuringOfDebt,GeneralAndAdministrativeExpense,GrossProfit,IncomeLossFromContinuingOperations,IncomeLossFromDiscontinuedOperationsNetOfTax,IncomeTaxExpenseBenefit,IncomeTaxExpenseBenefitContinuingOperationsAdjustmentOfDeferredTaxAssetLiability,IncomeTaxesPaidNet,IncreaseDecreaseInAccountsPayable,IncreaseDecreaseInAccountsPayableAndAccruedLiabilities,IncreaseDecreaseInDeposits,IncreaseDecreaseInEmployeeRelatedLiabilities,IncreaseDecreaseInIncomeTaxesPayableNetOfIncomeTaxesReceivable,IncreaseDecreaseInPrepaidDeferredExpenseAndOtherAssets,IncreaseDecreaseInPrepaidExpense,InterestPaid,LeaseAndRentalExpense,LegalFees,Liabilities,LiabilitiesAndStockholdersEquity,LiabilitiesCurrent,LiabilitiesNoncurrent,LoansAndLeasesReceivableRelatedParties,LoansPayable,LoansPayableCurrent,LoansReceivableFairValueDisclosure,LongTermInvestmentsAndReceivablesNet,LongTermNotesPayable,LossContingencyAccrualAtCarryingValue,LossContingencyAccrualCarryingValueNoncurrent,LossContingencyLossInPeriod,LossContingencyRelatedReceivableCarryingValuePeriodIncreaseDecrease,MachineryAndEquipmentGross,NetCashProvidedByUsedInContinuingOperations,NetCashProvidedByUsedInFinancingActivities,NetCashProvidedByUsedInInvestingActivities,NetCashProvidedByUsedInInvestingActivitiesContinuingOperations,NetCashProvidedByUsedInOperatingActivities,NetCashProvidedByUsedInOperatingActivitiesContinuingOperations,NetIncomeLoss,NetIncomeLossAllocatedToLimitedPartners,NonoperatingGainsLosses,OperatingExpenses,OperatingIncomeLoss,OperatingLeasesRentExpenseNet,OperatingLossCarryforwards,OperatingLossCarryforwardsValuationAllowance,OtherCostAndExpenseOperating,OtherNoncashIncomeExpense,PaymentsForProceedsFromProductiveAssets,PaymentsForRent,PaymentsToAcquireIntangibleAssets,PaymentsToAcquireInvestments,PaymentsToAcquireLoansReceivable,PaymentsToAcquireOtherProductiveAssets,PaymentsToAcquirePropertyPlantAndEquipment,PrepaidExpenseCurrent,PrepaidExpenseCurrentAndNoncurrent,ProceedsFromDivestitureOfBusinessesNetOfCashDivested,ProceedsFromIssuanceOfCommonStock,ProceedsFromRelatedPartyDebt,ProceedsFromRepaymentsOfRelatedPartyDebt,ProceedsFromSaleOfLoansHeldForInvestment,ProceedsFromSaleOfLoansReceivable,ProfessionalAndContractServicesExpense,ProfessionalFees,ProfitLoss,PropertyPlantAndEquipmentNet,PropertySubjectToOrAvailableForOperatingLeaseNet,RealEstateInvestmentPropertyAccumulatedDepreciation,RelatedPartyTransactionDueFromToRelatedPartyCurrent,ResearchAndDevelopmentExpense,RetainedEarningsAccumulatedDeficit,Revenues,SalesRevenueGoodsNet,SharesIssued,StockholdersEquity,StockholdersEquityIncludingPortionAttributableToNoncontrollingInterest,StockIssuedDuringPeriodSharesNewIssues,StockIssuedDuringPeriodSharesPeriodIncreaseDecrease,ValuationAllowanceDeferredTaxAssetChangeInAmount,ValuationAllowancesAndReservesBalance,WeightedAverageNumberOfDilutedSharesOutstanding,WeightedAverageNumberOfShareOutstandingBasicAndDiluted,WeightedAverageNumberOfSharesOutstandingBasic
2017-03-31,2017-05-03,10-Q,CRONA CORP.,CCCP,CIK0001696411,USD,,,,,,,,,0.0,,,,,,,786.0,,,,,,,75000000.0,,5000000.0,0.001,,,,,,,,2425.0,,243.0,,243.0,,,,0.0,572.0,,,,,,,0.0,0.0,,,7709.0,1500.0,,-6209.0,0.0,,0.0,,,,,,,838.0,0.0,,,,,,,,,,,,,,,,,4850.0,572.0,5700.0,,,-5128.0,,-6209.0,,,7709.0,-6209.0,,-2425.0,,,,,675.0,,,5700.0,,,,,,,,,0.0,5700.0,,,-6209.0,4607.0,,,,,,1500.0,,,-2132.0,,,,,,5000000.0,,5000000.0
2017-06-30,2017-07-28,10-Q,CRONA CORP.,CCCP,CIK0001696411,USD,,,,,31402.0,,,,,,9295.0,16162.0,25457.0,,,9222.0,9222.0,,,,,,75000000.0,6088.0,5000000.0,0.001,,,,,,,,6913.0,,,,,,,,0.0,,,,,,,,,0.0,,,20111.0,6910.0,,-13202.0,0.0,,,,,,,,,,,,,25457.0,,8300.0,8300.0,,,8300.0,,,,,,,,9950.0,,,,,,,13201.0,,,20111.0,-13201.0,,-6913.0,,,,,,,,,,,6940.0,,,,,,,,,,-13201.0,9295.0,,,,,-20333.0,6910.0,,,17157.0,,,32490.0,,,5573231.0,,5573231.0
2017-09-30,2017-11-14,10-Q,CRONA CORP.,CCCP,CIK0001696411,USD,,,,,,31402.0,,,,,25128.0,2979.0,,,,209.0,209.0,,,,,0.0,75000000.0,6087500.0,6087500.0,6088.0,,,,0.0,,,,,,,,,,,,0.0,,,,,,22149.0,,,0.0,,,28129.0,27800.0,,,0.0,,,,,,,,,,,,,8300.0,25128.0,,,,,,,,8300.0,,,,,,,,,,,,329.0,,,28129.0,-329.0,,,,0.0,,,,,,,,,2770.0,,,,,,,,,,-329.0,,,,,,-20662.0,27800.0,27800.0,,16828.0,16828.0,,,,,6087500.0,,6087500.0
2017-12-31,2018-04-18,10-K,CRONA CORP.,CCCP,CIK0001696411,USD,0.0,,,2700.0,31403.0,31403.0,,4637.0,,,26190.0,5439.0,20751.0,0.0,,31.0,31.0,-183.0,31.0,-183.0,,0.0,75000000.0,6088.0,6087500.0,0.001,,,,0.0,,,0.0,4236.0,,,,2725.0,,2725.0,,0.0,,8300.0,23970.0,-3922.0,,20751.0,4825.0,,0.0,,,11915.0,,,,0.0,,0.0,,0.0,,,,-3795.0,,0.0,,19003.0,17890.0,26190.0,8300.0,8300.0,,,,,,8300.0,,,-18678.0,,18650.0,,38190.0,-18625.0,-18625.0,-19748.0,-18625.0,-18678.0,,,54888.0,-18678.0,,-4236.0,,0.0,-3795.0,0.0,,-18625.0,,5700.0,0.0,,5408.0,5408.0,,32490.0,,5700.0,,,,19003.0,-18678.0,20751.0,20751.0,-2724.0,,23970.0,-19601.0,36210.0,36210.0,,17890.0,17890.0,32491.0,,3922.0,4236.0,5679688.0,,5679688.0
2018-03-31,2020-07-01,10-Q,CRONA CORP.,CCCP,CIK0001696411,USD,,,,,31403.0,,,1987.0,1325.0,,2776.0,2776.0,0.0,0.0,,31.0,31.0,,,,,,75000000.0,6088.0,6087500.0,0.001,,,,,,,0.0,7410.0,,1029.0,,1029.0,,,,0.0,0.0,0.0,,-3174.0,,,0.0,11421.0,2047.0,,,13066.0,0.0,,,0.0,,0.0,,0.0,,,,2662.0,2663.0,0.0,675.0,,2776.0,2776.0,0.0,0.0,,,,,,,,,-15113.0,,0.0,0.0,0.0,,,0.0,,-15113.0,,,13066.0,-15113.0,,-7410.0,7410.0,,,17675.0,675.0,,,,,,2745.0,,,,,,8300.0,0.0,,,-15113.0,0.0,0.0,0.0,,,-34715.0,0.0,,,2776.0,,,,3174.0,,,,6087500.0
2018-06-30,2020-07-01,10-Q,CRONA CORP.,CCCP,CIK0001696411,USD,1000.0,,,,31403.0,,,,,8040.0,776.0,776.0,0.0,,,31.0,31.0,,,,,,75000000.0,6088.0,6087500.0,,,,,,,,0.0,8040.0,,,,,,,,0.0,,0.0,,,,,0.0,,0.0,,,3000.0,0.0,,,0.0,,,,,,,,,,,,,-224.0,776.0,1000.0,1000.0,,,,,,,,,,,0.0,,,,,,,3000.0,,,3000.0,-3000.0,,-8040.0,8245.0,,,,,,,,,,745.0,,,,,,,,,,-3000.0,0.0,0.0,0.0,,,-37715.0,0.0,,,-224.0,,,,,,,,6087500.0
2018-09-30,2020-07-01,10-Q,CRONA CORP.,CCCP,CIK0001696411,USD,1300.0,,,,31403.0,,,,,8245.0,101.0,101.0,0.0,,,31.0,31.0,,,,,,75000000.0,6088.0,6087500.0,0.001,,,,,,,0.0,8425.0,,,,,,,,0.0,,0.0,,,,,0.0,,0.0,,,975.0,0.0,,,0.0,,,,,,,,,,,,,-1199.0,101.0,1300.0,1300.0,,,,,,,,,,,0.0,,,,,,,975.0,,,975.0,-975.0,,-8245.0,,,,,,,,,,,70.0,,,,,,,,,,-975.0,0.0,0.0,0.0,,,-38690.0,0.0,,,-1199.0,,,,,,,,6087500.0
2018-12-31,2020-08-11,10-K,CRONA CORP.,CCCP,CIK0001696411,USD,1600.0,,,2095.0,31403.0,,,3313.0,3313.0,,0.0,0.0,0.0,0.0,,0.0,0.0,,,-31.0,,,75000000.0,6088.0,6087500.0,0.001,,,,,,,0.0,8329.0,,,,1029.0,,1029.0,,0.0,,0.0,0.0,-4093.0,,,,,2047.0,,,6468.0,,,,0.0,-4093.0,0.0,,1600.0,,,,5408.0,,0.0,2095.0,,-1600.0,0.0,1600.0,1600.0,,,,,,,,,-19490.0,,,,9375.0,,0.0,-9406.0,0.0,-19490.0,,2047.0,17443.0,-19490.0,,-8329.0,8329.0,,,17675.0,,,,9375.0,,,,0.0,,0.0,,,,,9375.0,10975.0,-19490.0,0.0,,,,,-39091.0,0.0,,,-1600.0,,,,4093.0,8329.0,,,6087500.0
2019-03-31,2020-09-24,10-Q,CRONA CORP.,CCCP,CIK0001696411,USD,1900.0,,,,31403.0,,,0.0,,,0.0,,,0.0,,0.0,,,,,,,75000000.0,6088.0,6087500.0,0.001,,,,,,0.0,0.0,8392.0,,,,0.0,,,,0.0,0.0,,,,0.0,,,,0.0,,,300.0,0.0,,,0.0,-63.0,0.0,,300.0,,,,0.0,,0.0,0.0,,-1900.0,0.0,1900.0,1900.0,,,,,,,39391.0,,-300.0,,,,0.0,,,0.0,,-300.0,,,300.0,-300.0,,-8392.0,8392.0,,,0.0,,,,,,,,,0.0,,,,,0.0,,300.0,-300.0,,,,,,-39391.0,0.0,,,-1900.0,,,,63.0,,,,6087500.0
2019-06-30,2020-10-01,10-Q,CRONA CORP.,CCCP,CIK0001696411,USD,2200.0,,,,31403.0,,,,,,0.0,,,,,0.0,,,,,,,75000000.0,6088.0,6087500.0,0.001,,,,,,,0.0,8455.0,,,,,,,,0.0,,,,,0.0,,,,0.0,,,300.0,0.0,,,0.0,,,,,,,,,,,,,-2200.0,0.0,2200.0,2200.0,,,,,,,39691.0,,,,,,,,,,,-300.0,,,300.0,-300.0,,-8455.0,8455.0,,,,,,,,,,,,,,,,,,,300.0,-300.0,,,,,,-39691.0,0.0,,,-2200.0,,,,,,,,6087500.0
2019-09-30,2020-10-01,10-Q,CRONA CORP.,CCCP,CIK0001696411,USD,2500.0,,,,31403.0,,,,,,0.0,,,,,0.0,,,,,,,75000000.0,6088.0,6087500.0,0.001,,,,,,,0.0,8518.0,,,,,,,,0.0,,,,,0.0,,,,0.0,,,300.0,0.0,,,0.0,,,,,,,,,,,,,-2500.0,0.0,2500.0,2500.0,,,,,,,39991.0,,,,,,,,,,,-300.0,,,300.0,-300.0,,-8518.0,8518.0,,,,,,,,,,,,,,,,,,,300.0,-300.0,,,,,,-39991.0,0.0,,,-2500.0,,,,,,,,6087500.0
2019-12-31,2020-11-03,10-K,CRONA CORP.,CCCP,CIK0001696411,USD,2800.0,,,,31403.0,,,,0.0,,0.0,0.0,,0.0,,0.0,,,,0.0,,,75000000.0,6088.0,6087500.0,0.001,,0.0,,,,0.0,0.0,8581.0,,,0.0,0.0,,,,0.0,,0.0,,,,,,,0.0,0.0,,0.0,,,,0.0,-252.0,0.0,,1200.0,0.0,0.0,,0.0,,0.0,,,-2800.0,0.0,2800.0,2800.0,,,,,0.0,,,1200.0,-1200.0,,,,0.0,0.0,,0.0,,-1200.0,,0.0,1200.0,-1200.0,,-8581.0,,,,0.0,0.0,,,0.0,,,0.0,,,,,,,,0.0,1200.0,-1200.0,,,,,,-40291.0,0.0,,,-2800.0,,,,252.0,8581.0,,,6087500.0
2020-03-31,2020-11-20,10-Q,CRONA CORP.,CCCP,CIK0001696411,USD,5100.0,,,,31403.0,,3000.0,,,,0.0,,,0.0,,0.0,,,,0.0,,,75000000.0,6088.0,6087500.0,0.001,,,,,,-3000.0,0.0,9064.0,,,,,,,,0.0,0.0,,,,3000.0,,,,,3000.0,,0.0,0.0,,,0.0,-483.0,0.0,,2300.0,,3000.0,,0.0,,0.0,,,-5100.0,0.0,5100.0,5100.0,,,,,,,42591.0,,-2300.0,,,,3000.0,,,-3000.0,,-2300.0,,,5300.0,-2300.0,,-9064.0,9064.0,,,,0.0,,,,,,,,3000.0,,,,,,,5300.0,-2300.0,,,,,,-42591.0,0.0,,,-5100.0,,,,483.0,,,,6087500.0
2020-06-30,2020-11-20,10-Q,CRONA CORP.,CCCP,CIK0001696411,USD,2095.0,,,,31403.0,,5005.0,,,,0.0,,,,,0.0,,,,,6087500.0,,75000000.0,6088.0,6087500.0,0.001,,,,,,,0.0,9484.0,,,,,,,,0.0,,5005.0,,,0.0,,,,,,,,0.0,-2000.0,,0.0,,,,,,,,,,,,,-7100.0,0.0,7100.0,7100.0,,,,,,,44591.0,,,,,,,,,,,2000.0,,,2000.0,-2000.0,,-9484.0,9484.0,,,,,,,,,,,,,,,,,,,2000.0,-2000.0,,,,,,-44591.0,0.0,,,-7100.0,,,,,,,6087500.0,6087500.0
2020-09-30,2020-11-23,10-Q,CRONA CORP.,CCCP,CIK0001696411,USD,75.0,,,,31403.0,,17106.0,,,,0.0,,,,,0.0,,,,,,,75000000.0,6088.0,6087500.0,0.001,,,,,,,0.0,11601.0,,,,,,,,0.0,,17106.0,,,0.0,,,,,,,,0.0,10081.0,,0.0,,,,,,,,,,,,,-17181.0,0.0,17181.0,17181.0,,,,,,,54672.0,,,,,,,,,,,-10081.0,,,10081.0,10081.0,,-11601.0,11601.0,,,,,,,,,,,,,,,,,,,10081.0,-10081.0,,,,,,-54672.0,0.0,,,-17181.0,,,,,,,6087500.0,6087500.0
2020-12-31,2021-04-01,10-K,CRONA CORP.,CCCP,CIK0001696411,USD,390.0,,24000.0,,-31403.0,,,,,,8886.0,6886.0,2000.0,0.0,,0.0,,,,0.0,,0.001,75000000.0,6087500.0,6087500.0,6088.0,6087500.0,,,-4933.0,,-3000.0,0.0,13514.0,13514.0,,2000.0,,,,,0.0,,35358.0,,,,,,,,3000.0,,371.0,,,,0.0,-4933.0,0.0,,-2410.0,-2000.0,38358.0,,-6886.0,,0.0,,,35748.0,8886.0,35748.0,35748.0,35358.0,35358.0,,,2000.0,,,24062.0,-24062.0,,,,38358.0,-2000.0,,-36358.0,,-24062.0,,,27062.0,-24062.0,,13514.0,14102.0,,,,371.0,,,,,,6886.0,,,,,,,,,26691.0,-24062.0,,,,,,64353.0,0.0,,6087500.0,-26862.0,-26862.0,,,9866.0,,,,6087500.0
2021-03-31,2021-05-14,10-Q,CRONA CORP.,CCCP,CIK0001696411,USD,393.0,,,,31403.0,,,,,,7768.0,5768.0,,0.0,,0.0,,,,0.0,,,75000000.0,6088.0,6087500.0,0.001,,,,,,0.0,0.0,14695.0,,,2000.0,,,,,0.0,,39858.0,,,,,,,,0.0,,1113.0,,,,0.0,-1181.0,0.0,,3.0,,4500.0,,1118.0,,0.0,,,-32483.0,7768.0,40251.0,40251.0,,,,,2000.0,,,,-5621.0,,,,4500.0,,,-4500.0,,-5621.0,5621.0,,5621.0,-5621.0,,-14695.0,14695.0,,,,1113.0,,,,,,5768.0,,,,,,,,,4508.0,-5621.0,,,,39858.0,,-69974.0,0.0,,,-32483.0,,,,1181.0,,,,6087500.0
2021-06-30,2021-08-12,10-Q,CRONA CORP.,CCCP,CIK0001696411,USD,395.0,,,,31403.0,,,,,,3855.0,1855.0,2000.0,,,,,,,,,0.001,75000000.0,6087500.0,6087500.0,6088.0,6087500.0,,,-2464.0,,,,,15978.0,,2000.0,,,,,0.0,,,,,,,,,,,,3912.0,,-6114.0,,,,,,,,,,,,,,,42452.0,3855.0,42452.0,,42057.0,,,,,,,,,,,,,,,,,6114.0,,,6114.0,-6114.0,,15978.0,,,,,,,,,,,1855.0,,,,,,,,,2202.0,,,,,,,-76088.0,,,,-38597.0,-38597.0,,,2464.0,,,6087500.0,
2021-09-30,2021-11-15,10-Q,CRONA CORP.,CCCP,CIK0001696411,USD,401.0,,,,-31403.0,,,,,,2742.0,742.0,2000.0,,,,,,,,,0.001,75000000.0,6087500.0,6087500.0,6088.0,6087500.0,,,,,,,,16633.0,,2000.0,,,,,0.0,,,,,,,,,,,,1113.0,,3119.0,,,,,,,,,,,,,,,44458.0,2742.0,44458.0,,44057.0,,,,,,,,,,,,,,,,,,,,3119.0,3119.0,,16633.0,,,,,,,,,,,742.0,,,,,,,,,2006.0,-3119.0,,,,,,79207.0,,,,-41716.0,-41716.0,,,,,,6087500.0,
