end,filed,form,Name,Ticker,CIK,Currency,AccountsPayableCurrent,AccountsReceivableNetCurrent,AccruedLiabilitiesCurrent,AccumulatedDepreciationDepletionAndAmortizationPropertyPlantAndEquipment,AccumulatedOtherComprehensiveIncomeLossNetOfTax,AdditionalPaidInCapital,AdjustmentsToAdditionalPaidInCapitalShareBasedCompensationStockOptionsRequisiteServicePeriodRecognition,AdvertisingExpense,AllowanceForDoubtfulAccountsReceivableCurrent,AntidilutiveSecuritiesExcludedFromComputationOfEarningsPerShareAmount,AreaOfLand,Assets,AssetsCurrent,CapitalLeaseObligationsCurrent,CapitalLeaseObligationsNoncurrent,CapitalLeasesFutureMinimumPaymentsDue,CapitalLeasesFutureMinimumPaymentsDueCurrent,Cash,CashAndCashEquivalentsAtCarryingValue,CashAndCashEquivalentsPeriodIncreaseDecrease,CashCashEquivalentsRestrictedCashAndRestrictedCashEquivalentsPeriodIncreaseDecreaseIncludingExchangeRateEffect,ClassOfWarrantOrRightExercisePriceOfWarrantsOrRights1,ClassOfWarrantOrRightOutstanding,CommitmentsAndContingencies,CommonStockParOrStatedValuePerShare,CommonStockSharesAuthorized,CommonStockSharesIssued,CommonStockSharesOutstanding,CommonStockSharesSubscriptions,CommonStockValue,ComprehensiveIncomeNetOfTax,CostOfRevenue,DebtInstrumentInterestRateStatedPercentage,DeferredIncomeTaxExpenseBenefit,DeferredRevenueCurrent,DeferredTaxAssetsGross,DeferredTaxAssetsNet,DeferredTaxAssetsNetCurrent,DeferredTaxAssetsNetNoncurrent,DeferredTaxAssetsOperatingLossCarryforwards,DeferredTaxAssetsTaxCreditCarryforwards,DeferredTaxAssetsValuationAllowance,DefinedContributionPlanMaximumAnnualContributionsPerEmployeePercent,DepositsAssetsCurrent,DepositsAssetsNoncurrent,Depreciation,DepreciationAndAmortization,EarningsPerShareBasic,EarningsPerShareBasicAndDiluted,EarningsPerShareDiluted,EffectOfExchangeRateOnCashAndCashEquivalents,EmployeeServiceShareBasedCompensationNonvestedAwardsTotalCompensationCostNotYetRecognized,EmployeeStockOwnershipPlanESOPCompensationExpense,EmployeeStockOwnershipPlanESOPSharesInESOP,EmployeeStockOwnershipPlanESOPWeightedAveragePurchasePriceOfSharesPurchased,FairValueOfAssetsAcquired,FinanceLeaseInterestExpense,FiniteLivedIntangibleAssetsAccumulatedAmortization,FiniteLivedIntangibleAssetsGross,FiniteLivedIntangibleAssetsNet,ForeignCurrencyTransactionGainLossBeforeTax,ForeignCurrencyTransactionGainLossRealized,ForeignCurrencyTransactionGainLossUnrealized,GainLossOnSaleOfPropertyPlantEquipment,GainLossRelatedToLitigationSettlement,GeneralAndAdministrativeExpense,GrossProfit,IncomeLossFromContinuingOperationsBeforeIncomeTaxesDomestic,IncomeLossFromContinuingOperationsBeforeIncomeTaxesExtraordinaryItemsNoncontrollingInterest,IncomeLossFromContinuingOperationsBeforeIncomeTaxesForeign,IncomeLossFromContinuingOperationsBeforeIncomeTaxesMinorityInterestAndIncomeLossFromEquityMethodInvestments,IncomeTaxExpenseBenefit,IncomeTaxesPaid,IncomeTaxReconciliationChangeInDeferredTaxAssetsValuationAllowance,IncomeTaxReconciliationChangeInEnactedTaxRate,IncomeTaxReconciliationForeignIncomeTaxRateDifferential,IncomeTaxReconciliationIncomeTaxExpenseBenefitAtFederalStatutoryIncomeTaxRate,IncomeTaxReconciliationNondeductibleExpense,IncomeTaxReconciliationNondeductibleExpenseShareBasedCompensationCost,IncomeTaxReconciliationOtherAdjustments,IncomeTaxReconciliationPriorYearIncomeTaxes,IncomeTaxReconciliationTaxCredits,IncreaseDecreaseInAccountsPayable,IncreaseDecreaseInAccountsReceivable,IncreaseDecreaseInAccruedLiabilities,IncreaseDecreaseInDeferredCharges,IncreaseDecreaseInDeferredRevenue,IncreaseDecreaseInOperatingLeaseLiability,IncreaseDecreaseInOtherReceivables,IncreaseDecreaseInPrepaidExpense,IncreaseDecreaseInReceivables,IncrementalCommonSharesAttributableToCallOptionsAndWarrants,IntangibleAssetsNetExcludingGoodwill,InterestExpense,InterestPaid,InterestReceivableCurrent,InvestmentIncomeInterest,InvestmentInterestRate,LegalFees,LesseeOperatingLeaseLiabilityPaymentsDue,LesseeOperatingLeaseLiabilityPaymentsDueNextTwelveMonths,LesseeOperatingLeaseLiabilityPaymentsDueYearTwo,LesseeOperatingLeaseLiabilityPaymentsRemainderOfFiscalYear,Liabilities,LiabilitiesAndStockholdersEquity,LiabilitiesCurrent,NetCashProvidedByUsedInFinancingActivities,NetCashProvidedByUsedInInvestingActivities,NetCashProvidedByUsedInOperatingActivities,NetIncomeLoss,NonoperatingIncomeExpense,NontradeReceivablesNoncurrent,OperatingExpenses,OperatingIncomeLoss,OperatingLeaseExpense,OperatingLeaseLiability,OperatingLeaseLiabilityCurrent,OperatingLeaseLiabilityNoncurrent,OperatingLeasePayments,OperatingLeaseRightOfUseAsset,OperatingLeasesFutureMinimumPaymentsDue,OperatingLeasesFutureMinimumPaymentsDueCurrent,OperatingLeasesFutureMinimumPaymentsDueInFiveYears,OperatingLeasesFutureMinimumPaymentsDueInFourYears,OperatingLeasesFutureMinimumPaymentsDueInThreeYears,OperatingLeasesFutureMinimumPaymentsDueInTwoYears,OperatingLeasesRentExpenseNet,OperatingLeaseWeightedAverageDiscountRatePercent,OtherAmortizationOfDeferredCharges,OtherComprehensiveIncomeForeignCurrencyTransactionAndTranslationAdjustmentNetOfTaxPortionAttributableToParent,OtherIncome,OtherLiabilitiesCurrent,OtherNonoperatingIncomeExpense,OtherReceivablesNetCurrent,PaymentsForProceedsFromShortTermInvestments,PaymentsForRepurchaseOfCommonStock,PaymentsForRepurchaseOfOtherEquity,PaymentsOfStockIssuanceCosts,PaymentsToAcquirePropertyPlantAndEquipment,PaymentsToAcquireShortTermInvestments,PaymentsToDevelopSoftware,PrepaidExpenseCurrent,ProceedsFromCollectionOfOtherReceivables,ProceedsFromIssuanceOfPrivatePlacement,ProceedsFromStockOptionsExercised,PropertyPlantAndEquipmentGross,PropertyPlantAndEquipmentNet,ReceivablesNetCurrent,ReceivablesNetCurrent,RepaymentsOfDebtAndCapitalLeaseObligations,ResearchAndDevelopmentExpense,RetainedEarningsAccumulatedDeficit,Revenues,RightOfUseAssetObtainedInExchangeForOperatingLeaseLiability,SaleOfStockNumberOfSharesIssuedInTransaction,SalesRevenueServicesNet,SellingAndMarketingExpense,ShareBasedCompensation,ShareBasedCompensationArrangementByShareBasedPaymentAwardFairValueAssumptionsExpectedDividendRate,ShareBasedCompensationArrangementByShareBasedPaymentAwardFairValueAssumptionsExpectedVolatilityRate,ShareBasedCompensationArrangementByShareBasedPaymentAwardFairValueAssumptionsExpectedVolatilityRateMaximum,ShareBasedCompensationArrangementByShareBasedPaymentAwardFairValueAssumptionsRiskFreeInterestRate,ShareBasedCompensationArrangementByShareBasedPaymentAwardFairValueAssumptionsRiskFreeInterestRateMinimum,ShareBasedCompensationArrangementByShareBasedPaymentAwardNumberOfSharesAuthorized,ShareBasedCompensationArrangementByShareBasedPaymentAwardNumberOfSharesAvailableForGrant,ShareBasedCompensationArrangementByShareBasedPaymentAwardOptionsExercisableNumber,ShareBasedCompensationArrangementByShareBasedPaymentAwardOptionsExercisableWeightedAverageExercisePrice,ShareBasedCompensationArrangementByShareBasedPaymentAwardOptionsExpirationsInPeriod,ShareBasedCompensationArrangementByShareBasedPaymentAwardOptionsForfeituresInPeriod,ShareBasedCompensationArrangementByShareBasedPaymentAwardOptionsGrantsInPeriod,ShareBasedCompensationArrangementByShareBasedPaymentAwardOptionsGrantsInPeriodGross,ShareBasedCompensationArrangementByShareBasedPaymentAwardOptionsGrantsInPeriodWeightedAverageGrantDateFairValue,ShareBasedCompensationArrangementByShareBasedPaymentAwardOptionsOutstandingIntrinsicValue,ShareBasedCompensationArrangementByShareBasedPaymentAwardOptionsOutstandingNumber,ShareBasedCompensationArrangementByShareBasedPaymentAwardOptionsOutstandingWeightedAverageExercisePrice,ShareBasedCompensationArrangementsByShareBasedPaymentAwardOptionsExercisesInPeriodWeightedAverageExercisePrice,ShareBasedCompensationArrangementsByShareBasedPaymentAwardOptionsExpirationsInPeriodWeightedAverageExercisePrice,ShareBasedCompensationArrangementsByShareBasedPaymentAwardOptionsForfeituresInPeriodWeightedAverageExercisePrice,ShareBasedCompensationArrangementsByShareBasedPaymentAwardOptionsGrantsInPeriodWeightedAverageExercisePrice,SharebasedCompensationArrangementBySharebasedPaymentAwardOptionsExercisableIntrinsicValue1,SharebasedCompensationArrangementBySharebasedPaymentAwardOptionsNonvestedNumberOfShares,SharebasedCompensationArrangementBySharebasedPaymentAwardOptionsNonvestedOptionsForfeitedNumberOfShares,SharebasedCompensationArrangementBySharebasedPaymentAwardOptionsNonvestedOptionsForfeitedWeightedAverageGrantDateFairValue,SharebasedCompensationArrangementBySharebasedPaymentAwardOptionsNonvestedWeightedAverageGrantDateFairValue,SharebasedCompensationArrangementBySharebasedPaymentAwardOptionsVestedNumberOfShares,SharebasedCompensationArrangementBySharebasedPaymentAwardOptionsVestedWeightedAverageGrantDateFairValue,ShortTermInvestments,StockholdersEquity,StockIssuedDuringPeriodValueNewIssues,StockIssuedDuringPeriodValueStockOptionsExercised,StockRepurchasedAndRetiredDuringPeriodShares,StockRepurchasedAndRetiredDuringPeriodValue,StockRepurchasedDuringPeriodValue,WeightedAverageNumberDilutedSharesOutstandingAdjustment,WeightedAverageNumberOfDilutedSharesOutstanding,WeightedAverageNumberOfShareOutstandingBasicAndDiluted,WeightedAverageNumberOfSharesOutstandingBasic
2010-08-31,2010-11-29,10-K,DESTINY MEDIA TECHNOLOGIES INC,DSNY,CIK0001099369,USD,,,,,,,,,,,,,,,,,,491012.0,,,,,,,,,,,,,,,,,,,,,,,,,,,,,,,,,,,,,,,,,,,,,,,,,,,,,,,,,,,,,,,,,,,,,,,,,,,,,,,,,,,,,,,,,,,,,,,,,,,,,,,,,,,,,,,,,,,,,,,,,,,,,,,,,,,,,,,,,,,,,,,,,,,,,,,,,,,,,,,,,,,,,,,,,,2059369.0,,,,,,,,,
2010-11-30,2011-01-14,10-Q,DESTINY MEDIA TECHNOLOGIES INC,DSNY,CIK0001099369,USD,,,,,,,,,,,,,,,,,,242362.0,,-248650.0,,,,,,,,,,,,,,29000.0,,,,,,,,,,,,,16693.0,,0.0,,19470.0,,,,,,,,,,,,,,,364169.0,,,,,101863.0,,0.0,,,,,,,,,,65179.0,75711.0,-19744.0,,-9784.0,,37032.0,13981.0,,,,277.0,277.0,,2774.0,,,,,,,,,,-253201.0,-44439.0,29520.0,72863.0,,,960264.0,96374.0,,,,,,,,,,,,,,,,,2992.0,,,,,250537.0,,,44439.0,,,,,,,,,,,2664.0,363903.0,,,,,1056638.0,215499.0,1564.0,,,,,,,,,,,,,,,,,,,,,,,,,,,,,,,,,,,,,51357595.0,,50873693.0
2011-02-28,2011-04-14,10-Q,DESTINY MEDIA TECHNOLOGIES INC,DSNY,CIK0001099369,USD,,,,,,,,,,,,,,,,,,422575.0,,,,,,,,,,,,,,,,-17000.0,,,,,,,,,,,,,14087.0,,0.0,,,,,,,,,,,,,,,,,295376.0,,,,,-60027.0,,,,,,,,,,,,,,,,,,,,,,,208.0,,,2308.0,,,,,,,,,,,,,-43027.0,,,903237.0,-62165.0,,,,,,,,,,,,,,,,,38.0,,,,,,,,,,,,,,,,,,,,394742.0,,,,,841072.0,199032.0,,,,,,,,,,,,,,,,,,,,,,,,,,,,,,,,,,,,,,50492625.0,,50492625.0
2011-05-31,2011-07-14,10-Q,DESTINY MEDIA TECHNOLOGIES INC,DSNY,CIK0001099369,USD,,,,,,,,,,,,,,,,,,490726.0,,,,,,,,,,,,,,,,94000.0,,,,,,,,,,,,,13533.0,,0.01,,,,,,,,,,,,,,,,,262467.0,,,,,324720.0,,,,,,,,,,,,,,,,,,,,,,,143.0,,,1445.0,,,,,,,,,,,,,230720.0,,,853098.0,323375.0,,,,,,,,,,,,,,,,,43.0,,,,,,,,,,,,,,,,,,,,392818.0,,,,,1176473.0,184280.0,,,,,,,,,,,,,,,,,,,,,,,,,,,,,,,,,,,,,,50790363.0,,50434097.0
2011-08-31,2011-11-29,10-K,DESTINY MEDIA TECHNOLOGIES INC,DSNY,CIK0001099369,USD,293552.0,385629.0,311797.0,,223317.0,8758044.0,,,23513.0,,,3058137.0,2006387.0,4035.0,,,,1238173.0,1238173.0,747161.0,,,,0.0,0.001,100000000.0,50612507.0,50487577.0,50613.0,50613.0,688368.0,,,173000.0,37954.0,,,286000.0,869000.0,,,,,10223.0,38349.0,,58339.0,,0.01,,33685.0,,,,,,,,,,49860.0,,0.0,,0.0,763872.0,,,,,811508.0,,0.0,,,,,,,,,,55772.0,-196666.0,32417.0,,10898.0,,13518.0,26875.0,,,,691.0,691.0,,11508.0,,,,,,,652272.0,3058137.0,652272.0,-362305.0,-63289.0,1139070.0,638508.0,,0.0,3209630.0,797600.0,,,,,,,,,,,,,,,,,3091.0,4934.0,,62779.0,,450855.0,,,63289.0,,,23583.0,,,100000.0,,144401.0,,,11450.0,1563690.0,-6576033.0,,,,4007230.0,823729.0,8983.0,,,,,,,,,,,,,,,,,,,,,,,,,,,,,,2405865.0,,100000.0,,-400779.0,,,50931848.0,,50552886.0
2011-11-30,2012-01-17,10-Q,DESTINY MEDIA TECHNOLOGIES INC,DSNY,CIK0001099369,USD,350521.0,543025.0,223400.0,,168711.0,8709503.0,,,25189.0,,,2985815.0,1923618.0,888.0,,,,1000710.0,1000710.0,-237463.0,,,,0.0,0.001,100000000.0,50487577.0,50487577.0,,50488.0,-42051.0,,,5000.0,40171.0,,,286000.0,864000.0,,,,,0.0,36342.0,,14375.0,,0.0,,-49920.0,,,,,,,,,,-54606.0,,0.0,,,477878.0,,,,,17555.0,,0.0,,,,,,,,,,73318.0,180638.0,-73595.0,,4275.0,,33182.0,-30790.0,,,,634.0,634.0,,2812.0,,,,,,,620591.0,2985815.0,620591.0,-2987.0,-39816.0,-144740.0,12555.0,,,1109240.0,15377.0,,,,,,,,,,,,,,,,-54606.0,0.0,5611.0,,92114.0,,0.0,,,39816.0,,,1769.0,,,,,161855.0,,,2987.0,418114.0,-6563478.0,,,,1124617.0,198873.0,1410.0,,,,,,,,,,,,,,,,,,,,,,,,,,,,,,2365224.0,,,,,,,50709493.0,,50487577.0
2012-02-29,2012-04-16,10-Q,DESTINY MEDIA TECHNOLOGIES INC,DSNY,CIK0001099369,USD,268495.0,522575.0,251211.0,,204463.0,8750624.0,,,22070.0,,,3017326.0,1937084.0,0.0,,,,978177.0,978177.0,,,,,0.0,0.001,100000000.0,50487577.0,50487577.0,278750.0,50488.0,-250498.0,,,-5000.0,57213.0,,,286000.0,869000.0,,,,,0.0,37633.0,,16364.0,,-0.01,,,,,,,,,,,,,,,,,431247.0,,,,,-291250.0,,,,,,,,,,,,,,,,,,,,,,,546.0,,,2159.0,,,,,,,582729.0,3017326.0,582729.0,,,,-286250.0,,,1187688.0,-292863.0,,,,,,,,,,,,,,,,35752.0,0.0,5810.0,,114570.0,,,,,,,,35762.0,,,,,173609.0,,,,546280.0,-6849728.0,,,,894825.0,193797.0,,,,,,,,,,,,,,,,,,,,,,,,,,,,,,,2434597.0,,,,,,,50487577.0,,50487577.0
2012-05-31,2012-07-16,10-Q,DESTINY MEDIA TECHNOLOGIES INC,DSNY,CIK0001099369,USD,317165.0,519668.0,258185.0,,160143.0,9008981.0,,,18506.0,,,3642033.0,2082616.0,0.0,,,,1139576.0,1139576.0,,,,,0.0,0.001,100000000.0,52066779.0,52066779.0,52067.0,,606818.0,,,190000.0,38438.0,,,286000.0,679000.0,,,,,0.0,36538.0,,24248.0,,0.01,,,,,,,,,,,,,,,,,-469548.0,,,,,841138.0,,,,,,,,,,,,,,,,,,,,,,,6.0,,,22648.0,,,,,,,619429.0,3642033.0,,,,,651138.0,,617310.0,208887.0,814034.0,,,,,,,,,,,,,,,,-44320.0,4462.0,5641.0,,21634.0,,,,,,,,19717.0,,,,,226569.0,,,,492041.0,-6198587.0,,,,1022921.0,162146.0,,,,,,,,,,,,,,,,,,,,,,,,,,,,,,,3022604.0,,,,,,,52663722.0,,51881309.0
2012-08-31,2012-11-29,10-K,DESTINY MEDIA TECHNOLOGIES INC,DSNY,CIK0001099369,USD,199930.0,440053.0,250623.0,,232917.0,9008957.0,,,6053.0,,,3793002.0,2153099.0,0.0,,,,1275423.0,1275423.0,37250.0,,,,0.0,0.001,100000000.0,52091004.0,52091004.0,,52091.0,572603.0,,,208000.0,55671.0,,,258000.0,689000.0,,,,,0.0,37847.0,,89206.0,,0.01,,-9541.0,,,,,,,,,,9600.0,,-20141.0,,858194.0,587731.0,,,,,771003.0,,0.0,,,,,,,,,,-88142.0,58405.0,-56085.0,,17886.0,,-13205.0,-6190.0,,,,1185.0,1185.0,,48052.0,,,,,,,512067.0,3793002.0,,255760.0,-231581.0,22612.0,563003.0,,625098.0,3264111.0,719678.0,,,,,,,,,,,,,,,,9600.0,4458.0,5843.0,,48508.0,,19080.0,,,231581.0,,,27059.0,,,278750.0,,287958.0,,,3910.0,1889450.0,-6013030.0,,,,3983789.0,697724.0,42797.0,,,,,,,,,,,,,,,,,,,,,,,,,,,,,,3280935.0,,,,-19080.0,,,51773825.0,,51237450.0
2012-11-30,2013-01-15,10-Q,DESTINY MEDIA TECHNOLOGIES INC,DSNY,CIK0001099369,USD,83376.0,626035.0,247260.0,,227401.0,9008929.0,,,9070.0,,,3818440.0,2264434.0,,,,,1145713.0,1145713.0,-129710.0,,,,0.0,0.001,100000000.0,52118572.0,52118572.0,,52119.0,154534.0,,,65000.0,46985.0,,,258000.0,624000.0,,,,,,37805.0,,27656.0,,0.0,,-2686.0,,,,,,,,,,,,9303.0,,,191257.0,,,,,225050.0,,0.0,,,,,,,,,,-98522.0,187331.0,-21503.0,,-8665.0,,23586.0,27733.0,,,,0.0,0.0,,20666.0,,,,,,,382971.0,3818440.0,,0.0,-27151.0,-99873.0,160050.0,,605060.0,859483.0,204384.0,,,,,,,,,,,,,,,,-5516.0,,5350.0,,71933.0,,,,,27151.0,,,54636.0,,,,,287141.0,,,0.0,400352.0,-5852980.0,,,,1063867.0,240218.0,0.0,,,,,,,,,,,,,,,,,,,,,,,,,,,,,,3435469.0,,,,,,,52885825.0,,52112210.0
2013-02-28,2013-04-15,10-Q,DESTINY MEDIA TECHNOLOGIES INC,DSNY,CIK0001099369,USD,60772.0,496408.0,229820.0,,149953.0,9008929.0,,,9747.0,,,3592178.0,2106172.0,,,,,1111490.0,1111490.0,,,,,0.0,0.001,100000000.0,52118572.0,51961922.0,,52119.0,-64250.0,,,0.0,26366.0,,,258000.0,624000.0,,,,,,36564.0,,28390.0,,0.0,,,,,,,,,,,,,,,,,198340.0,,,,,13198.0,,,,,,,,,,,,,,,,,,,,,,,0.0,,,20068.0,,,,,,,320721.0,3592178.0,,,,,13198.0,,562812.0,887192.0,-6870.0,,,,,,,,,,,,,,,,-77448.0,,3763.0,,93580.0,,,,,,,,29834.0,,,,,262630.0,,,,457080.0,-5839782.0,,,,880322.0,203382.0,,,,,,,,,,,,,,,,,,,,,,,,,,,,,,,3271457.0,,,,,,,52551731.0,,51989473.0
2013-05-31,2013-07-15,10-Q,DESTINY MEDIA TECHNOLOGIES INC,DSNY,CIK0001099369,USD,59796.0,603509.0,225374.0,,136488.0,8911269.0,,,11605.0,,,3638841.0,2239001.0,,,,,1225754.0,1225754.0,,,,,,0.001,100000000.0,51961922.0,51961922.0,,51962.0,13130.0,,,8000.0,59775.0,,,258000.0,616000.0,,,,,,36279.0,,28746.0,,0.0,,,,,,,,,,,,,,,,,285857.0,,,,,34595.0,,,,,,,,,,,,,,,,,,,,,,,0.0,,,18907.0,,,,,,,352309.0,3638841.0,,,,,26595.0,,504841.0,858178.0,15688.0,,,,,,,,,,,,,,,,-13465.0,0.0,7364.0,,13686.0,,,,,,,,32990.0,,,,,242720.0,,,,336083.0,-5813187.0,,,,873866.0,207492.0,,,,,,,,,,,,,,,,,,,,,,,,,,,,,,,3286532.0,,,,,,,52651928.0,,51961922.0
2013-08-31,2013-11-25,10-K,DESTINY MEDIA TECHNOLOGIES INC,DSNY,CIK0001099369,USD,79622.0,419697.0,221720.0,,88657.0,8929384.0,,,11392.0,,,3657656.0,2217187.0,,,,,1521552.0,1521552.0,246129.0,,,,0.0,0.001,100000000.0,51981964.0,51981964.0,,51982.0,81754.0,,,88000.0,70415.0,,,130000.0,729000.0,,,,,35611.0,35611.0,,123875.0,,0.0,,-85310.0,,,,,,,,,,,,-51945.0,,0.0,890415.0,,,,,314014.0,,0.0,,,,,,,,,,-113442.0,5880.0,-14778.0,,18801.0,,-30242.0,4363.0,,,,0.0,0.0,,78135.0,,,,,,,374649.0,3657656.0,,-99762.0,-86366.0,517567.0,226014.0,,440889.0,3443150.0,235879.0,,,,,,,,,,,,,,,,-144260.0,0.0,2892.0,,16636.0,,99762.0,99762.0,,86366.0,,,29653.0,,0.0,0.0,,234969.0,,,0.0,1207700.0,-5787016.0,,,,3679029.0,1221160.0,20080.0,,,,,,,,,,,,,,,,,,,,,,,,,,,,,,3283007.0,,,,,,,52965805.0,,52006459.0
2013-11-30,2014-01-14,10-Q,DESTINY MEDIA TECHNOLOGIES INC,DSNY,CIK0001099369,USD,142990.0,594012.0,248151.0,,74107.0,8952164.0,,,8495.0,,,3767690.0,2336583.0,,,,,1458487.0,1458487.0,-63065.0,,,,,0.001,100000000.0,52021353.0,52021353.0,,52021.0,29843.0,,,24000.0,40880.0,,,130000.0,705000.0,,,,,,23495.0,,31347.0,,0.0,,-6732.0,,,,,,,,,,,,13510.0,,,243499.0,,,,,68393.0,,0.0,,,,,,,,,,65023.0,179998.0,28209.0,,-29679.0,,-9193.0,965.0,,,,,0.0,,16823.0,,,,,,,432021.0,3767690.0,,0.0,-78768.0,22435.0,44393.0,,422426.0,870971.0,51570.0,,,,,,,,,,,,,,,,-14550.0,,0.0,,7517.0,,,,,78768.0,,,42350.0,,,,,280186.0,,,,264484.0,-5742623.0,,,,922541.0,331641.0,22819.0,,,,,,,,,,,,,,,,,,,,,,,,,,,,,,3335669.0,,,,,,,53418156.0,,51998397.0
2014-02-28,2014-04-10,10-Q,DESTINY MEDIA TECHNOLOGIES INC,DSNY,CIK0001099369,USD,159824.0,616665.0,317625.0,,-66024.0,8885605.0,,,3143.0,,,3237783.0,1860981.0,,,,,870939.0,870939.0,,,,,,0.001,100000000.0,52680845.0,52680845.0,,52681.0,-514964.0,,,-21000.0,5528.0,,,130000.0,726000.0,,,,,22355.0,,,33061.0,,-0.01,,,,,,,,,,,,,,,,,526166.0,,,,,-395833.0,,,,,,,,,,,,,,,,,,,,,,,,,,15824.0,,,,,,,482977.0,3237783.0,,,,,-374833.0,,387900.0,1222339.0,-411657.0,,,,,,,,,,,,,,,,-140131.0,,0.0,,73852.0,,,,,,,,42093.0,,,,,262902.0,,,,268362.0,-6117456.0,,,,810682.0,394750.0,,,,,,,,,,,,,,,,,,,,,,,,,,,,,,,2754806.0,,,,,,,52222640.0,,52222640.0
2014-05-31,2014-07-14,10-Q,DESTINY MEDIA TECHNOLOGIES INC,DSNY,CIK0001099369,USD,102526.0,486165.0,202207.0,,9780.0,8949484.0,,,5535.0,,,3310606.0,1891837.0,,,,,1038930.0,1038930.0,,,,,,0.001,100000000.0,52865173.0,52865173.0,,52865.0,155904.0,,,-3000.0,31100.0,,,130000.0,729000.0,,,,,22962.0,,,39655.0,,0.0,,,,,,,,,,,,,,,,,271855.0,,,,,77100.0,,,,,,,,,,,,,,,,,,,,,,,0.0,,,14758.0,,,,,,,335833.0,3310606.0,,,,,80100.0,,374643.0,880130.0,62342.0,,,,,,,,,,,,,,,,75804.0,0.0,0.0,,67613.0,,,,,,,,33962.0,,,,,315126.0,,,,237790.0,-6037356.0,,,,942472.0,330830.0,,,,,,,,,,,,,,,,,,,,,,,,,,,,,,,2974773.0,,,,,,,52510940.0,,52412480.0
2014-08-31,2014-11-24,10-K,DESTINY MEDIA TECHNOLOGIES INC,DSNY,CIK0001099369,USD,172617.0,544609.0,203353.0,,-257.0,9061325.0,,,5513.0,,,3401206.0,1875326.0,0.0,0.0,,,990007.0,990007.0,-531545.0,,,,0.0,0.001,100000000.0,52993874.0,52993874.0,,52994.0,-413313.0,,,17000.0,22589.0,,,0.0,842000.0,,,,,0.0,22870.0,,148165.0,,-0.01,,-57856.0,,,,,,,,,,,,38631.0,,,1351991.0,,,,,-307399.0,,0.0,,,,,,,,,,96580.0,139888.0,-11390.0,,-46055.0,,62607.0,106892.0,,,,,0.0,,61366.0,,,,,,,398559.0,3401206.0,398559.0,100005.0,-236871.0,-336823.0,-324399.0,,345830.0,3941159.0,-368783.0,,,,,,,,,,,,,,,,-88914.0,18.0,0.0,,78040.0,,,113215.0,,236871.0,,,147206.0,,111970.0,101250.0,,315180.0,,,0.0,1062668.0,-6111415.0,,,,3572376.0,1378335.0,32948.0,,,,,,,,,,,,,,,,,,,,,,,,,,,,,,3002647.0,111970.0,101250.0,,,113215.0,,52486401.0,,52486401.0
2014-11-30,2015-01-14,10-Q,DESTINY MEDIA TECHNOLOGIES INC,DSNY,CIK0001099369,USD,126135.0,575955.0,203849.0,,-101217.0,9068522.0,,,6129.0,,,3185186.0,1751953.0,,,,,876527.0,876527.0,-113480.0,,,,0.0,0.001,100000000.0,52993874.0,52993874.0,,52994.0,-157269.0,,,0.0,2627.0,,,,842000.0,,,,,,21795.0,,35785.0,,0.0,,-49900.0,,,,,,,,,,,,-19312.0,,,293658.0,,,,,-56309.0,,0.0,,,,,,,,,,-39225.0,58188.0,10273.0,,-19311.0,,9544.0,-37470.0,,,,,0.0,,13046.0,,,,,,,332611.0,3185186.0,,0.0,-17647.0,-45933.0,-56309.0,,286830.0,1024425.0,-69355.0,,,,,,,,,,,,,,,,-100960.0,,,,83713.0,,,,,17647.0,,,107928.0,,0.0,,,282608.0,,,,363969.0,-6167724.0,,,,955070.0,331013.0,7197.0,,,,,,,,,,,,,,,,,,,,,,,,,,,,,,2852575.0,,,,,,,52993874.0,,52993874.0
2015-02-28,2015-04-14,10-Q,DESTINY MEDIA TECHNOLOGIES INC,DSNY,CIK0001099369,USD,212596.0,526697.0,192012.0,,-266044.0,9074636.0,,,5601.0,,,2771984.0,1345366.0,4967.0,14115.0,,,577118.0,577118.0,,,,,0.0,0.001,100000000.0,52993874.0,52993874.0,,52994.0,-529284.0,,,0.0,4359.0,,,,842000.0,,,,,53064.0,23499.0,,38998.0,,-0.01,,,,,,,,,,,,,,,,,246922.0,,,,,-364457.0,,,,,,,,,,,,,,,,,,,,,,,,,,12045.0,,,,,,,442579.0,2771984.0,428464.0,,,,-364457.0,,237096.0,1119695.0,-376502.0,,,,,,,,,,,,,,,,-164827.0,,14530.0,,43740.0,,,,,,,,43136.0,,,,,324023.0,,,,411282.0,-6532181.0,,,,743193.0,422493.0,,,,,,,,,,,,,,,,,,,,,,,,,,,,,,,2329405.0,,,,,,,52993874.0,,52993874.0
2015-05-31,2015-07-15,10-Q,DESTINY MEDIA TECHNOLOGIES INC,DSNY,CIK0001099369,USD,178368.0,514842.0,211275.0,,-267868.0,9080472.0,,,8029.0,,,2604414.0,1100987.0,5444.0,13751.0,,,419391.0,419391.0,,,,,0.0,0.001,100000000.0,52993874.0,52993874.0,,52994.0,-220253.0,,,0.0,4415.0,,,,842000.0,,,,,23579.0,34167.0,,53595.0,,0.0,,,,,,,,,,,,,,,,,267967.0,,,,,-218429.0,,,,,,,,,,,,,,,,,,,,,,,442.0,,,9040.0,,,,,,,489426.0,2604414.0,475675.0,,,,-218429.0,,205431.0,1031167.0,-227758.0,,,,,,,,,,,,,,,,-1824.0,289.0,76173.0,,10246.0,,,,,,,,30975.0,,,,,421829.0,,,,348680.0,-6750610.0,,,,803409.0,360925.0,,,,,,,,,,,,,,,,,,,,,,,,,,,,,,,2114988.0,,,,,,,52993874.0,,52993874.0
2015-08-31,2015-11-25,10-K,DESTINY MEDIA TECHNOLOGIES INC,DSNY,CIK0001099369,USD,139879.0,399148.0,189672.0,,-364631.0,9122132.0,,,6058.0,,,1537190.0,936157.0,5205.0,12071.0,,,387316.0,387316.0,-602691.0,,,,0.0,0.001,100000000.0,52993874.0,52993874.0,,52994.0,-1961020.0,,,842000.0,24712.0,,,,0.0,,,,,,32222.0,,182863.0,,-0.03,,-192798.0,,,,,,,,,,,,-26247.0,,,1119468.0,,,,,-754646.0,,0.0,,,,,,,,,,18497.0,-54412.0,24185.0,,6676.0,,-53500.0,-89339.0,,,,420.0,0.0,,42787.0,,,,,,,434756.0,1537190.0,422685.0,-2240.0,-338091.0,-69562.0,-1596646.0,,167350.0,4120550.0,-797013.0,,,,,,,,,,,,,,,,-364374.0,-420.0,63217.0,,15471.0,,,0.0,,338091.0,,,36042.0,,0.0,0.0,,401461.0,,,2240.0,1376386.0,-7708061.0,,,,3323537.0,1441833.0,60807.0,,,,,,,,,,,,,,,,,,,,,,,,,,,,,,1102434.0,,,,,,,52993874.0,,52993874.0
2015-11-30,2016-01-14,10-Q,DESTINY MEDIA TECHNOLOGIES INC,DSNY,CIK0001099369,USD,148784.0,548168.0,201837.0,,-382387.0,9634405.0,,,5985.0,,,1932628.0,1356027.0,4828.0,10571.0,,,642028.0,642028.0,254712.0,,,,0.0,0.001,100000000.0,55013874.0,55013874.0,,55014.0,-118763.0,,,0.0,14711.0,,,,,,,,,,22521.0,,49829.0,,0.0,,-7094.0,,,,,,,,,,,,3786.0,,,235383.0,,,,,,,0.0,,,,,,,,,,8954.0,155805.0,14651.0,,-9823.0,,11861.0,-7177.0,,,,,0.0,,6122.0,,,,,,,434664.0,1932628.0,424093.0,501891.0,-65925.0,-174160.0,-101007.0,,141601.0,954850.0,-107129.0,,,,,,,,,,,,,,,,-17756.0,,53933.0,,26998.0,,,,3109.0,65925.0,,,37829.0,,501891.0,,,412479.0,,,,319040.0,-7809068.0,,,,847721.0,350598.0,12402.0,,,,,,,,,,,,,,,,,,,,,,,,,,,,,,1497964.0,505000.0,,,,,,53903984.0,,53903984.0
2016-02-29,2016-04-14,10-Q,DESTINY MEDIA TECHNOLOGIES INC,DSNY,CIK0001099369,USD,167075.0,430141.0,176748.0,,-401696.0,9641276.0,,,7018.0,,,1817939.0,1278742.0,4867.0,9075.0,,,673008.0,673008.0,,,,,0.0,0.001,100000000.0,55013874.0,55013874.0,,55014.0,-94692.0,,,,5179.0,,,,,,,,,,22241.0,,53196.0,,0.0,,,,,,,,,,,,,,,,,158207.0,,,,,,,,,,,,,,,,,,,,,,,,,,,,,,,6033.0,,,,,,,407796.0,1817939.0,398721.0,,,,-75383.0,,113830.0,845313.0,-81416.0,,,,,,,,,,,,,,,,-19309.0,,44852.0,,35671.0,,,,,,,,37092.0,,,,,403126.0,,,,331722.0,-7884451.0,,,,763897.0,302188.0,,,,,,,,,,,,,,,,,,,,,,,,,,,,,,,1410143.0,,,,,,,55013874.0,55013874.0,55013874.0
2016-05-31,2016-07-15,10-Q,DESTINY MEDIA TECHNOLOGIES INC,DSNY,CIK0001099369,USD,87876.0,438430.0,199360.0,,-332781.0,9653678.0,,,9304.0,,,1851665.0,1341860.0,5151.0,7967.0,,,756402.0,756402.0,,,,,0.0,0.001,100000000.0,55013874.0,55013874.0,,55014.0,66102.0,,,,24887.0,,,,,,,,,,23055.0,,60746.0,,0.0,,,,,,,,,,,,,,,,,202016.0,,,,,,,,,,,,,,,,,,,,,,,,,,,,,,,4903.0,,,,,,,363018.0,1851665.0,355051.0,,,,-2813.0,,87597.0,883218.0,-7716.0,,,,,,,,,,,,,,,,68915.0,0.0,37777.0,,7734.0,,,,,,,,32395.0,,,,,399153.0,,,,362920.0,-7887264.0,,,,875502.0,257536.0,,,,,,,,,,,,,,,,,,,,,,,,,,,,,,,1488647.0,,,,,,,55013874.0,55013874.0,55013874.0
2016-08-31,2016-11-29,10-K,DESTINY MEDIA TECHNOLOGIES INC,DSNY,CIK0001099369,USD,108157.0,628135.0,190077.0,,-336377.0,9666080.0,,,4049.0,,,1850876.0,1481288.0,5240.0,6472.0,,,,662743.0,275427.0,,,,0.0,0.001,100000000.0,55013874.0,55013874.0,,55014.0,-159997.0,,,0.0,23563.0,,,,,,,,,0.0,22978.0,,191383.0,,0.0,,21400.0,,,,,,,,,,,,9182.0,,,802433.0,,,,,-188251.0,,0.0,,,,,,,,,,-31251.0,223238.0,-1496.0,,-1328.0,,-537.0,15517.0,,,110017.0,0.0,0.0,,21132.0,,,,,,,362471.0,1850876.0,355999.0,489943.0,-73097.0,-162819.0,-188251.0,,61642.0,3547196.0,-209383.0,,,,,,,,,,,,,,,,28254.0,0.0,28962.0,,15051.0,,,,8640.0,73097.0,,,61525.0,,496360.0,,,174951.0,,175206.0,6417.0,1292996.0,-7896312.0,,,,3337813.0,1260384.0,49608.0,,,,,,,,,,,,,,,0.0,950000.0,0.4,,,,,,281250.0,,,0.08,,,,1488405.0,505000.0,,,,,,54737918.0,,54737918.0
2016-11-30,2017-01-17,10-Q,DESTINY MEDIA TECHNOLOGIES INC,DSNY,CIK0001099369,USD,179753.0,483393.0,157126.0,,-369746.0,9678482.0,,,2645.0,,,1953318.0,1661784.0,5222.0,4853.0,,,,961706.0,298963.0,,,,0.0,0.001,100000000.0,55013874.0,55013874.0,,55014.0,70759.0,,,0.0,15010.0,,,,,,,,,21876.0,552.0,,41878.0,,0.0,,-15983.0,,,,,,,,,,,,-372.0,0.0,,178906.0,,,,,,,0.0,,,,,,,,,,73276.0,-131270.0,-28333.0,,-8085.0,,11516.0,-16588.0,-15216.0,,105785.0,0.0,0.0,,4763.0,,,,,,,381752.0,1953318.0,376899.0,0.0,-23668.0,338614.0,104128.0,,30823.0,792864.0,99365.0,,,,,,,,,,,,,,,,-33369.0,,19788.0,,26071.0,,,,,23668.0,,,43685.0,,0.0,,,154374.0,,,,324674.0,-7792184.0,892229.0,,,892229.0,247406.0,12402.0,,,,,,,,,,,,,,,,,,,,,,,,,,,,,,1571566.0,,,,,,,55013874.0,,55013874.0
2017-02-28,2017-04-13,10-Q,DESTINY MEDIA TECHNOLOGIES INC,DSNY,CIK0001099369,USD,137477.0,516773.0,191608.0,,-350508.0,9690884.0,,,1891.0,,,1894416.0,1662953.0,5403.0,3405.0,,,,939390.0,,,,,0.0,0.001,100000000.0,55013874.0,55013874.0,,55014.0,-48967.0,,,,10061.0,,,,,,,,,22173.0,560.0,,41612.0,,0.0,,,,,,,,,,,,,,,,,203922.0,,,,,,,,,,,,,,,,,,,,,,,,,,,93829.0,,,,3871.0,,,,,,,359415.0,1894416.0,356010.0,,,,-68205.0,0.0,0.0,853954.0,-72076.0,,,,,,,,,,,,,,,,19238.0,,11461.0,,31762.0,,,,,,,,30158.0,,,,,137074.0,,,,339276.0,-7860389.0,781878.0,,,781878.0,269144.0,12402.0,,,,,,,,,,,,,,,,,,,,,,,,,,,,,,1535001.0,,,,,,,,55013874.0,
2017-05-31,2017-07-17,10-Q,DESTINY MEDIA TECHNOLOGIES INC,DSNY,CIK0001099369,USD,105600.0,418182.0,174102.0,,-381169.0,9703286.0,,,1958.0,,,1974627.0,1742452.0,7228.0,0.0,,,,1164575.0,,,,,0.0,0.001,100000000.0,55013874.0,55013874.0,,55014.0,135562.0,,,,1924.0,,,,,,,,,22282.0,25902.0,,37048.0,,0.0,,,,7578.0,,,,,,,,,,,,,139105.0,,,,,,,,,,,,,,,,,,,,,,,,,,,88425.0,,,,3437.0,,,,,,,291662.0,1974627.0,291662.0,,,,166223.0,0.0,0.0,734689.0,162786.0,,,,,,,,,,,,,56953.0,,,-30661.0,,2808.0,,13385.0,,,,,,,,33937.0,,,,,117848.0,,,,321210.0,-7694166.0,897475.0,,,897475.0,237326.0,12402.0,,,,,,,,,,,,,,,,,,,,,,,,,,,,,,1682965.0,,,,,,,,55013874.0,
2017-08-31,2017-11-29,10-K,DESTINY MEDIA TECHNOLOGIES INC,DSNY,CIK0001099369,USD,127444.0,529666.0,192433.0,591190.0,-266891.0,9712213.0,,9593.0,3383.0,,,2244703.0,2013748.0,6246.0,0.0,,,,1342956.0,680213.0,,,202000.0,0.0,0.001,100000000.0,55013874.0,55013874.0,,55014.0,358267.0,,,0.0,23685.0,3168000.0,0.0,,,1196000.0,1411000.0,3168000.0,,592.0,27923.0,,153385.0,,0.01,,47950.0,,45212.0,,0.21,,,328928.0,415752.0,86824.0,,4610.0,-3342.0,0.0,,903835.0,,64866.0,,223915.0,288781.0,,0.0,122000.0,0.0,-21000.0,98000.0,2000.0,16000.0,-89000.0,0.0,128000.0,8962.0,-120514.0,-6882.0,0.0,-899.0,,5204.0,-4967.0,-109258.0,,86824.0,,0.0,12840.0,14314.0,,2655.0,,,,,351898.0,2244703.0,351898.0,0.0,-63340.0,695603.0,288781.0,33.0,0.0,3170580.0,274434.0,,,,,,,,,,,,,234533.0,,,69486.0,33.0,2090.0,,21216.0,,,,,63340.0,0.0,,54507.0,127845.0,0.0,,707398.0,116208.0,,64811.0,0.0,1231370.0,-7607531.0,3445014.0,,,3445014.0,881990.0,46133.0,0.0,,,,,,,,,43750.0,600000.0,1500000.0,1500000.0,0.0,0.0,361250.0,1.95,,0.4,0.4,0.39,,273333.0,,,0.35,414583.0,0.11,0.0,1892805.0,,,,,,,55013874.0,,55013874.0
2017-11-30,2018-01-16,10-Q,DESTINY MEDIA TECHNOLOGIES INC,DSNY,CIK0001099369,USD,236225.0,389451.0,167446.0,568968.0,-319007.0,9725603.0,,,3292.0,,,2515387.0,2247271.0,4023.0,,4023.0,4075.0,,1752591.0,409635.0,,0.0,0.0,,0.001,100000000.0,55013874.0,55013874.0,,55014.0,181374.0,,,,15040.0,,,,,,,,,576.0,27169.0,,25697.0,,0.0,,-42680.0,,7126.0,,0.21,,,336512.0,405968.0,69456.0,,-1993.0,-379.0,-3801.0,,178583.0,,,,,,,0.0,,,,,,,,,,114107.0,-112078.0,-21366.0,,-8220.0,,-9191.0,-8498.0,-32200.0,,69456.0,3802.0,0.0,1366.0,2325.0,,,,,,,427818.0,2515387.0,,,-74063.0,526378.0,233490.0,-3802.0,,738831.0,234967.0,,,,,,,,184171.0,224878.0,263498.0,257990.0,250787.0,65774.0,,,-52116.0,,5084.0,,28538.0,,,,,74063.0,,,44782.0,32851.0,,,740459.0,171491.0,,31333.0,,304438.0,-7374041.0,973798.0,,,973798.0,230113.0,13390.0,,,,,,,,595831.0,0.39,43750.0,0.0,0.0,0.0,0.0,0.0,1762500.0,0.39,,0.4,0.0,0.0,0.0,1166669.0,0.0,0.0,0.07,199998.0,0.07,,2087569.0,,,,,,,55013874.0,,55013874.0
2018-02-28,2018-04-16,10-Q,DESTINY MEDIA TECHNOLOGIES INC,DSNY,CIK0001099369,USD,142648.0,525603.0,173602.0,583565.0,-307900.0,9740482.0,,,5324.0,,,2559651.0,2283610.0,2992.0,,,,,1623131.0,,,,0.0,0.0,0.001,100000000.0,55013874.0,55013874.0,,55014.0,78483.0,,,,7329.0,,,,,,,,,580.0,27360.0,,25490.0,,0.0,,,,19355.0,,,,,353371.0,410520.0,57149.0,,,,,,160218.0,,,,,,,,,,,,,,,,,,,,,,,,,,,57149.0,,,1921.0,1704.0,,,,,,,378720.0,2559651.0,,,,,67376.0,7.0,,749390.0,65665.0,,,,,,,,123929.0,226461.0,265353.0,259806.0,252552.0,74154.0,,,11107.0,,52149.0,,81671.0,,,,,,,,52625.0,,,,775097.0,191532.0,,0.0,,304274.0,-7306665.0,815055.0,,,815055.0,259408.0,14879.0,,,,,,,,770832.0,0.39,,,,,,0.0,1768750.0,0.39,,,,,0.0,997918.0,,,0.07,,,,2180930.0,,,,,,,,55013874.0,
2018-05-31,2018-07-16,10-Q,DESTINY MEDIA TECHNOLOGIES INC,DSNY,CIK0001099369,USD,166934.0,314656.0,165427.0,590622.0,-336976.0,9754093.0,,,6171.0,,,2738865.0,2477464.0,2956.0,,,,,2051330.0,,,,0.0,0.0,0.001,100000000.0,55013874.0,55013874.0,,55014.0,154553.0,,,,1978.0,,,,,,,,,573.0,34618.0,,27988.0,,0.0,,,55230.0,26545.0,,,,,362776.0,413673.0,50897.0,,,,,,236353.0,,,,,,,,,,,,,,,,,,,,,,,,,,,50897.0,,,1921.0,1656.0,,,,,,,389771.0,2738865.0,,,,,183629.0,0.0,,739632.0,181973.0,,,,,,,,62032.0,226165.0,265010.0,259473.0,252232.0,54834.0,,,-29076.0,,52476.0,,58453.0,,,,,,,,52452.0,,,,766508.0,175886.0,,0.0,,264704.0,-7123037.0,921605.0,,,921605.0,210587.0,13611.0,,,,,,,,877082.0,0.39,,,,,,0.0,1675000.0,0.39,,,,,0.0,797918.0,,,0.07,,,,2349094.0,,,,,,,,55013874.0,
2018-08-31,2018-11-27,10-K,DESTINY MEDIA TECHNOLOGIES INC,DSNY,CIK0001099369,USD,141273.0,403801.0,226876.0,576974.0,-353642.0,9810676.0,,3333.0,6031.0,,,2962422.0,2726341.0,2363.0,,,,,1097434.0,-245522.0,,,0.0,0.0,0.001,20000000.0,11002786.0,11002786.0,,11003.0,569519.0,298408.0,,0.0,23286.0,2537000.0,0.0,,,789000.0,1019000.0,2537000.0,0.05,0.0,34336.0,,105869.0,,0.06,,-45712.0,42658.0,58102.0,,1.15,,,,,,,-966.0,417.0,-3734.0,,801866.0,3308063.0,-166037.0,656270.0,822307.0,656270.0,,0.0,-631000.0,443000.0,52000.0,138000.0,1000.0,11000.0,190000.0,-233000.0,-29000.0,14165.0,-108367.0,44469.0,-45341.0,557.0,,-3308.0,11499.0,-64026.0,,41472.0,,0.0,1921.0,10597.0,,82354.0,,,,,445646.0,2962422.0,,,-1294058.0,1094248.0,656270.0,-3733.0,,2658657.0,649406.0,,0.0,,,,0.0,,,224320.0,262848.0,257356.0,250174.0,256058.0,,,-86751.0,,51848.0,,15902.0,1177518.0,,,,116540.0,1177518.0,,57252.0,65766.0,,,737247.0,160273.0,,0.0,,1093448.0,-6951261.0,3606471.0,,,,657474.0,54452.0,0.0,0.933,0.933,0.019,0.019,,,1016666.0,0.39,35000.0,30000.0,30000.0,30000.0,0.4,0.0,326250.0,1.95,,2.0,2.0,2.0,0.0,122917.0,20000.0,0.35,0.35,160416.0,0.35,1151952.0,2516776.0,,,,,,,11002786.0,,11002786.0
2018-11-30,2019-01-14,10-Q,DESTINY MEDIA TECHNOLOGIES INC,DSNY,CIK0001099369,USD,152562.0,339130.0,172072.0,577426.0,-402727.0,9778718.0,12053.0,,8686.0,,,3089665.0,2871075.0,0.0,,,,,1331065.0,233631.0,,,,0.0,0.001,100000000.0,55013874.0,55013874.0,,55014.0,171105.0,76170.0,,,14920.0,,,,,,,,0.05,,33708.0,61583.0,20624.0,,0.02,,-23420.0,30605.0,10683.0,,0.95,,,,,,,,6385.0,0.0,,171675.0,907849.0,,,,,,0.0,,,,,,,,,,40614.0,-56985.0,-80884.0,,-8073.0,,6158.0,-16035.0,0.0,,35520.0,,0.0,,6434.0,,,,,,,389731.0,3089665.0,,,-7215.0,264266.0,220190.0,0.0,,694093.0,213756.0,,,,,,,,,222315.0,260557.0,255165.0,186397.0,61583.0,,,-49085.0,,50177.0,,22949.0,,,,,7215.0,,,40751.0,,,,726788.0,149362.0,,,,290641.0,-6731071.0,984019.0,,,,211153.0,12053.0,0.0,,0.0,,0.0,,,1147916.0,0.39,43750.0,0.0,0.0,0.0,0.0,0.0,1587500.0,0.39,,0.4,0.0,0.0,0.0,439584.0,0.0,0.0,0.07,175000.0,0.07,1137180.0,2699934.0,,,,,,,11002786.0,,11002786.0
2019-02-28,2019-04-15,10-Q,DESTINY MEDIA TECHNOLOGIES INC,DSNY,CIK0001099369,USD,189983.0,369001.0,238142.0,594212.0,-373495.0,9790772.0,12054.0,,9566.0,,,3310031.0,3051986.0,,,,,,1458931.0,,,,,,0.001,100000000.0,55013874.0,55013874.0,,55014.0,109951.0,73612.0,,,10026.0,,,,,,,,,,34040.0,,19711.0,,0.01,,,18551.0,22650.0,,,,,,,,,,,,,206203.0,805752.0,,,,,,,,,,,,,,,,,,,,,,,,,,31131.0,,,,6522.0,,,,,,,488092.0,3310031.0,,,,,80719.0,,,731555.0,74197.0,,,,,,,,125906.0,,224502.0,263121.0,257676.0,61550.0,,,29232.0,,49941.0,,12161.0,,,,,,,,57250.0,,,,787086.0,192874.0,,,,282895.0,-6650352.0,879364.0,,,,222746.0,12054.0,,,,,,,,1279167.0,0.39,,,,,,0.0,1543750.0,0.39,,,,,0.0,264583.0,,,0.07,,,1154643.0,2821939.0,,,,,,,,11002775.0,
2019-05-31,2019-07-15,10-Q,DESTINY MEDIA TECHNOLOGIES INC,DSNY,CIK0001099369,USD,208690.0,350272.0,261786.0,596892.0,-454204.0,9801135.0,10363.0,,9537.0,,,3467599.0,3210824.0,,,,,,1231079.0,,,,,,0.001,100000000.0,55013874.0,55013874.0,,55014.0,115003.0,72546.0,,,1936.0,,,,,,,,,,33121.0,,26764.0,,0.02,,,5934.0,20324.0,,,,,,,,,,,,,178392.0,897889.0,,,,,,,,,,,,,,,,,,,,,,,,,,26953.0,,,,8233.0,,,,,,,520294.0,3467599.0,,,,,195712.0,1545.0,,711955.0,185934.0,,,,,,,,61865.0,,218442.0,256018.0,250720.0,60507.0,,,-80709.0,,47882.0,,14832.0,,,,,,,,113740.0,,,,793593.0,196701.0,,,,233225.0,-6454640.0,970435.0,,,,273574.0,10363.0,,,,,,,,1385416.0,0.39,,,,,,0.0,1466666.0,0.39,,,,,0.0,81250.0,,,0.08,,,1500901.0,2947305.0,,,,,,,,11002775.0,
2019-08-31,2019-11-18,10-K,DESTINY MEDIA TECHNOLOGIES INC,DSNY,CIK0001099369,USD,132451.0,332271.0,303470.0,630166.0,-391859.0,9850348.0,,12017.0,10106.0,290000.0,,3635090.0,3315772.0,,,,,,2512138.0,1414704.0,,,0.0,,,,11000786.0,11000786.0,,11001.0,572561.0,310032.0,,0.0,23388.0,2783000.0,0.0,,,886000.0,1013000.0,2783000.0,0.05,,33716.0,,96846.0,,0.06,,-15446.0,42658.0,61629.0,,1.16,,,,,,,,1078.0,,,770758.0,3499060.0,-118503.0,610778.0,729281.0,610778.0,0.0,0.0,246000.0,0.0,47000.0,128000.0,2000.0,11000.0,-73000.0,0.0,361000.0,49570.0,-63202.0,927.0,,524.0,,-2657.0,20416.0,,,24695.0,,0.0,,27188.0,,59310.0,,,,,506083.0,3635090.0,506083.0,-2005.0,591621.0,804534.0,610778.0,2465.0,,2917935.0,581125.0,0.0,671911.0,,,0.0,0.0,,256225.0,,,223200.0,261618.0,244992.0,,,-38217.0,,46774.0,,14240.0,-754600.0,2005.0,,,162979.0,,,77067.0,,,,891073.0,260907.0,,,,1141380.0,-6340483.0,3809092.0,,,,908951.0,41675.0,0.0,0.753,0.753,0.017,0.017,,,260000.0,1.94,26250.0,40000.0,30000.0,30000.0,0.4,0.0,290000.0,1.94,,2.0,2.0,1.52,0.0,30000.0,6663.0,0.34,0.38,116254.0,0.42,380056.0,3129007.0,,,,,2005.0,,11002589.0,,11002589.0
2019-11-30,2020-01-15,10-Q,DESTINY MEDIA TECHNOLOGIES INC,DSNY,CIK0001099369,USD,203335.0,416870.0,269373.0,657178.0,-390307.0,9576694.0,17936.0,,10113.0,,,4065995.0,3181618.0,,,,,,1545080.0,-967058.0,,,,,0.001,20000000.0,10702041.0,10702041.0,,10702.0,113210.0,85282.0,,,15274.0,,,,,,,,0.05,,33739.0,54158.0,32072.0,,0.01,,5189.0,66504.0,13132.0,,0.98,,,,,,,,5417.0,,,219503.0,960574.0,,,,,,0.0,,,,,,,,,,5126.0,84789.0,4461.0,,-8170.0,,-2840.0,-7203.0,,,20579.0,,0.0,,6389.0,,,660185.0,,,,1097731.0,4065995.0,704627.0,-291889.0,-766603.0,86245.0,111658.0,,,855305.0,105269.0,54158.0,609749.0,216645.0,393104.0,63725.0,559635.0,677652.0,192506.0,,,223351.0,261795.0,,0.08,,1552.0,,,,11411.0,756372.0,291889.0,,,10231.0,756372.0,,69882.0,,,,927602.0,270424.0,,,,319974.0,-6228825.0,1045856.0,559635.0,,,283756.0,17936.0,0.0,1.186,1.162,0.01,0.013,,,217500.0,1.43,,50000.0,140000.0,140000.0,0.49,0.0,380000.0,1.38,,,1.86,1.36,0.0,162500.0,,,0.48,7500.0,0.33,1138375.0,2968264.0,,,298755.0,291889.0,291889.0,,11954603.0,,11954603.0
2020-02-29,2020-04-15,10-Q,DESTINY MEDIA TECHNOLOGIES INC,DSNY,CIK0001099369,USD,246156.0,567916.0,256679.0,687422.0,-405415.0,9338308.0,2697.0,,9853.0,,,3622338.0,2827265.0,,,,,,1050177.0,,,,,,0.001,20000000.0,10450656.0,10450656.0,,10451.0,-170439.0,69120.0,,,7014.0,,,,,,,,,,33472.0,,35478.0,,-0.01,,,57341.0,,,,,,,,,,,,,,216094.0,737609.0,,,,,,,,,,,,,,,,,,,,,,,,,,21184.0,,,,8110.0,,,660185.0,,,,1063150.0,3622338.0,729743.0,,,,-155331.0,674.0,,901724.0,-164115.0,,553301.0,219894.0,333407.0,,501483.0,608890.0,127594.0,,,221578.0,259718.0,,0.08,,-15108.0,674.0,,,9825.0,,,,,,,,69965.0,,,,926356.0,238934.0,,,,287752.0,-6384156.0,806729.0,,,,362400.0,,,,,,,,,191250.0,1.49,,,,,,0.0,350000.0,1.41,,,,,0.0,158750.0,,,0.48,,,1129382.0,2559188.0,,,,241334.0,,,,10629438.0,
2020-05-31,2020-07-15,10-Q,DESTINY MEDIA TECHNOLOGIES INC,DSNY,CIK0001099369,USD,165819.0,748440.0,353235.0,692799.0,-472072.0,9353584.0,15276.0,,23111.0,,,3570392.0,2872061.0,,,,,,913349.0,,,,,,0.001,20000000.0,10450656.0,10450656.0,,10451.0,-11758.0,86984.0,,,1999.0,,,,,,,,,,32536.0,52930.0,33194.0,0.01,0.01,0.01,,80386.0,20947.0,,0.68,,,,,,,,,,,273070.0,852889.0,,,,,,,,,,,,,,,,,,,,,,,,,,19032.0,10267.0,,,5266.0,,,637014.0,,,,1007686.0,3570392.0,740917.0,,,,54899.0,-677.0,,802579.0,50310.0,52930.0,486633.0,219864.0,266769.0,,435234.0,530272.0,62416.0,,,215391.0,252465.0,,0.08,,-66657.0,,,-677.0,19135.0,,,,,,,,93331.0,,,,904328.0,211529.0,,,,355625.0,-6329257.0,939873.0,,,,140690.0,15276.0,,,,,,,,195000.0,1.48,,,,,,0.0,410000.0,1.35,,,,,0.0,215000.0,,,0.48,,,1097806.0,2562706.0,,,,,,,10450646.0,10450646.0,10450646.0
2020-08-31,2020-11-18,10-K,DESTINY MEDIA TECHNOLOGIES INC,DSNY,CIK0001099369,USD,119399.0,426832.0,353235.0,748200.0,-345456.0,9366290.0,,20260.0,23412.0,400000.0,6600.0,3809813.0,3154307.0,,,,,,1841340.0,-670798.0,-670798.0,,0.0,0.0,0.001,20000000.0,10450646.0,10450646.0,,10451.0,215818.0,318633.0,,0.0,19638.0,2947000.0,0.0,,,1132000.0,900000.0,2947000.0,0.05,,34316.0,,135385.0,0.02,0.02,0.02,24071.0,67203.0,64480.0,355022.0,0.74,,253040.0,,,,,,13395.0,,,798120.0,3505932.0,-369579.0,169415.0,538994.0,169415.0,0.0,0.0,164000.0,0.0,31000.0,36000.0,19000.0,17000.0,-250000.0,0.0,0.0,-81904.0,108795.0,110622.0,,-4046.0,,11334.0,669.0,,,22952.0,,0.0,,24415.0,,103073.0,493454.0,266278.0,227176.0,,949596.0,3809813.0,730533.0,-533223.0,-433859.0,272213.0,169415.0,21.0,,3360953.0,144979.0,44692.0,457324.0,238261.0,219063.0,253040.0,403961.0,,,,,,,,0.08,,46403.0,,,21.0,26083.0,369794.0,533223.0,,,64065.0,,0.0,78562.0,,,,942477.0,194277.0,,,,1343084.0,-6171068.0,3824565.0,,550140.0,,1084364.0,48615.0,0.0,1.186,,0.01,,530000.0,130000.0,196250.0,1.45,,100000.0,210000.0,210000.0,0.49,0.0,400000.0,1.35,,,1.46,1.24,0.0,203750.0,13750.0,0.49,0.48,22500.0,0.4,781490.0,2860217.0,,,,,533223.0,0.0,10602346.0,,10602346.0
2020-11-30,2021-01-13,10-Q,DESTINY MEDIA TECHNOLOGIES INC,DSNY,CIK0001099369,USD,186426.0,329573.0,325182.0,768783.0,-317414.0,9379139.0,12849.0,,23562.0,,,4084678.0,3499791.0,,,,,,3076862.0,1235522.0,1235522.0,,,,0.001,20000000.0,10450656.0,10450656.0,,10451.0,278744.0,90313.0,,,18841.0,,,,,,,,0.05,,34538.0,,24315.0,,0.02,,35307.0,56810.0,15186.0,,0.67,,65712.0,,,,,,-11372.0,,,159549.0,1033664.0,,,,,,0.0,,,,,,,,,,102318.0,-98548.0,-66893.0,,-909.0,-2382.0,4763.0,-16497.0,,0.0,19369.0,,0.0,,1464.0,,,429960.0,,160050.0,269910.0,932868.0,4084678.0,770249.0,0.0,758561.0,441654.0,250702.0,,,784426.0,249238.0,8693.0,402419.0,239800.0,162619.0,,351130.0,,,,,,,,0.08,,28042.0,,,,31066.0,-763749.0,0.0,,,5188.0,,0.0,62290.0,,,,948633.0,179850.0,,,,298088.0,-5920366.0,1123977.0,,,,302474.0,12849.0,0.0,1.054,,0.0035,,,,272500.0,1.42,,,10000.0,10000.0,0.34,0.0,410000.0,1.34,,,,1.0,0.0,137500.0,,,0.47,76250.0,0.49,,3151810.0,,,550140.0,533223.0,,,10450656.0,,10450656.0
2021-02-28,2021-04-14,10-Q,DESTINY MEDIA TECHNOLOGIES INC,DSNY,CIK0001099369,USD,138062.0,328131.0,369697.0,790840.0,-283333.0,9347311.0,13134.0,,19537.0,,,4000412.0,3478454.0,,,,,,3011715.0,,,,,,0.001,20000000.0,10409361.0,10409361.0,,10409.0,4615.0,91899.0,,,18269.0,,,,,,,,,,35185.0,,26400.0,,0.0,,,43192.0,,,,,,,,,,,,,,164395.0,838800.0,,,,,,,,,,,,,,,,,,,,,,,,,,15736.0,,,,875.0,,,370086.0,93171.0,,276915.0,875857.0,4000412.0,761687.0,,,,-29466.0,0.0,,869141.0,-30341.0,,349829.0,235659.0,114170.0,,301228.0,,,,,,,,0.08,,34081.0,,,,41844.0,,,,,,,,96764.0,,,,960649.0,169809.0,,,,337392.0,-5949832.0,930699.0,,,,340954.0,,,,,,,,,285000.0,1.4,,,,,,16000.0,410000.0,1.34,,,,,9750.0,125000.0,,,0.47,,,,3124555.0,,,41285.0,45004.0,,,,10442752.0,
2021-05-31,2021-07-14,10-Q,DESTINY MEDIA TECHNOLOGIES INC,DSNY,CIK0001099369,USD,140989.0,403196.0,355766.0,813918.0,-133559.0,9186881.0,13134.0,,20618.0,,,4002790.0,3454084.0,,,,,,2934575.0,,,,,,0.001,20000000.0,10294961.0,10294961.0,,10295.0,219368.0,97804.0,,,18210.0,,,,,,,,,,37131.0,,26673.0,0.01,,0.01,,29574.0,,,,,,425847.0,512223.0,86376.0,,,,,,202878.0,986183.0,,,,,,,,,,,,,,,,,,,,,,,,,104474.0,86376.0,,,,823.0,,,318870.0,24581.0,,294289.0,819411.0,4002790.0,794993.0,,,,69594.0,,,917412.0,68771.0,,304446.0,280028.0,24418.0,,258286.0,,,,,,,,0.08,,149774.0,,,,46869.0,,,,,,,,69444.0,,,,980831.0,166913.0,,,,326450.0,-5880238.0,1083987.0,,,,361411.0,,,,,,,,,302500.0,1.38,,,,,,124200.0,410000.0,1.34,,,,,86250.0,107500.0,,,0.48,,,,3183379.0,,,114400.0,173678.0,,,10531708.0,,10426961.0
2021-08-31,2021-11-23,10-K,DESTINY MEDIA TECHNOLOGIES INC,DSNY,CIK0001099369,USD,202722.0,400233.0,309839.0,819203.0,-261133.0,9157804.0,,25921.0,19743.0,410000.0,6600.0,3866448.0,3309530.0,,,,,,2752662.0,,911322.0,,,0.0,0.001,20000000.0,10265361.0,10265361.0,,10266.0,466852.0,393925.0,,0.0,8511.0,2426000.0,0.0,,,789000.0,808000.0,2426000.0,,,35556.0,,105357.0,0.04,,0.04,51920.0,16472.0,93759.0,364757.0,1.06,,270898.0,420625.0,608247.0,187622.0,,,15840.0,,,666485.0,3778548.0,-483537.0,382529.0,866066.0,,0.0,0.0,-521000.0,,52000.0,80000.0,13000.0,,376000.0,,,90792.0,-46200.0,-66408.0,,-11753.0,,26144.0,23062.0,,,187622.0,,0.0,,4031.0,0.0025,92116.0,235388.0,235388.0,,,748050.0,3866448.0,748050.0,-260405.0,590885.0,528922.0,382529.0,,,3400050.0,378498.0,28714.0,226978.0,226978.0,0.0,270898.0,190253.0,,,,,,,,0.08,,84323.0,,,0.0,53172.0,-805017.0,260405.0,,,44768.0,,169364.0,103463.0,,,,962690.0,143487.0,,,,1194976.0,-5788539.0,4172473.0,,,,1433232.0,51734.0,0.0,1.054,,0.0035,,,,311250.0,1.37,,0.0,10000.0,10000.0,0.34,0.0,410000.0,1.34,,,0.0,1.0,0.0,98750.0,0.0,0.0,0.48,115000.0,0.47,0.0,3118398.0,,,185285.0,260405.0,260405.0,76744.0,10491849.0,,10415105.0
2021-11-30,2022-01-13,10-Q,DESTINY MEDIA TECHNOLOGIES INC,DSNY,CIK0001099369,USD,101749.0,564677.0,322331.0,834533.0,-299901.0,9139575.0,25906.0,,23718.0,,,3813296.0,3268524.0,,,,,,2536426.0,,-216236.0,,,,0.001,20000000.0,10235061.0,10235061.0,,10235.0,126833.0,117563.0,,,3944.0,,,,,,,,,,35077.0,,27172.0,,0.02,,-39157.0,534838.0,17227.0,,1.48,,70873.0,432609.0,680057.0,247448.0,,,-3436.0,,,150624.0,1016588.0,,,,,,0.0,,,,,,,,,,-94434.0,177303.0,12709.0,,-4530.0,0.0,6212.0,4971.0,,79374.0,247448.0,,0.0,,1043.0,,,162414.0,162414.0,,,586325.0,3813296.0,586325.0,-44166.0,-80287.0,-52626.0,165601.0,,,852030.0,164558.0,4113.0,158301.0,158301.0,0.0,,131384.0,,,,,,,,0.08,,-38768.0,,,,60168.0,0.0,44166.0,,,7997.0,,72290.0,107253.0,,,,965396.0,130863.0,,,,258424.0,-5622938.0,1134151.0,,,,415810.0,25906.0,0.0,1.227,,0.0035,,,,380000.0,1.37,,10000.0,521000.0,521000.0,0.4,28700.0,921000.0,1.43,,,1.0,1.5,15200.0,541000.0,5000.0,0.49,1.08,73750.0,0.49,0.0,3226971.0,,,30300.0,44166.0,44166.0,,10337338.0,,10257964.0
