end,filed,form,Name,Ticker,CIK,Currency,AccountsPayableCurrent,AccountsPayableCurrentAndNoncurrent,AccountsReceivableNet,AccruedLiabilitiesCurrent,AccruedLiabilitiesCurrentAndNoncurrent,AccumulatedDepreciationDepletionAndAmortizationPropertyPlantAndEquipment,AdditionalPaidInCapital,AmortizationOfDebtDiscountPremium,AntidilutiveSecuritiesExcludedFromComputationOfEarningsPerShareAmount,AssetImpairmentCharges,AssetManagementFees1,Assets,AssetsCurrent,AssetsNoncurrent,Cash,CashAndCashEquivalentsAtCarryingValue,CashAndCashEquivalentsPeriodIncreaseDecrease,CashEquivalentsAtCarryingValue,CashPeriodIncreaseDecrease,ChangeInUnrealizedGainLossOnFairValueHedgingInstruments1,CommonStockParOrStatedValuePerShare,CommonStockSharesAuthorized,CommonStockSharesIssued,CommonStockSharesOutstanding,CommonStockValue,ConvertibleDebt,ConvertibleDebtCurrent,ConvertibleDebtNoncurrent,ConvertibleNotesPayable,CostOfGoodsAndServicesSold,CostOfGoodsSold,CurrentFederalTaxExpenseBenefit,DebtConversionConvertedInstrumentAmount1,DebtConversionConvertedInstrumentSharesIssued1,DebtCurrent,DebtInstrumentAnnualPrincipalPayment,DebtInstrumentFaceAmount,DebtInstrumentIncreaseAccruedInterest,DebtInstrumentIncreaseDecreaseForPeriodNet,DebtInstrumentInterestRateStatedPercentage,DebtInstrumentUnamortizedDiscount,DebtInstrumentUnamortizedDiscountCurrent,DebtInstrumentUnamortizedDiscountPremiumNet,DeferredRevenue,DeferredTaxAssetsLiabilitiesNet,DeferredTaxAssetsNet,DeferredTaxAssetsOperatingLossCarryforwards,DeferredTaxAssetsValuationAllowance,DeferredTaxAssetsValuationAllowanceCurrent,Depreciation,DerivativeFairValueOfDerivativeLiability,DerivativeFairValueOfDerivativeNet,DerivativeGainLossOnDerivativeNet,DerivativeGainOnDerivative,DerivativeInstrumentsInHedgesLiabilitiesAtFairValue,DerivativeLiabilities,DerivativeLiabilitiesCurrent,DevelopmentStageEnterpriseDeficitAccumulatedDuringDevelopmentStage,DueFromRelatedPartiesCurrent,DueToRelatedPartiesCurrent,EarningsPerShareBasic,EarningsPerShareBasicAndDiluted,EarningsPerShareDiluted,EffectiveIncomeTaxRateContinuingOperations,EmployeeRelatedLiabilitiesCurrent,FairValueNetDerivativeAssetLiabilityMeasuredOnRecurringBasisUnobservableInputsReconciliationIssues,FairValueNetDerivativeAssetLiabilityMeasuredOnRecurringBasisUnobservableInputsReconciliationPeriodIncreaseDecrease,FairValueNetDerivativeAssetLiabilityMeasuredOnRecurringBasisUnobservableInputsReconciliationSettlements,FairValueOptionChangesInFairValueGainLoss1,GainLossOnRepurchaseOfDebtInstrument,GainsLossesOnExtinguishmentOfDebt,GainsLossesOnExtinguishmentOfDebtBeforeWriteOffOfDeferredDebtIssuanceCost,GeneralAndAdministrativeExpense,GrossProfit,IncomeLossFromContinuingOperationsIncludingPortionAttributableToNoncontrollingInterest,IncomeTaxExpenseBenefit,IncomeTaxesPaidNet,IncomeTaxReconciliationChangeInDeferredTaxAssetsValuationAllowance,IncreaseDecreaseInAccountsPayable,IncreaseDecreaseInAccountsReceivable,IncreaseDecreaseInDeferredRevenue,IncreaseDecreaseInDerivativeLiabilities,IncreaseDecreaseInDueToRelatedParties,IncreaseDecreaseInInterestPayableNet,IncreaseDecreaseInInventories,IncreaseDecreaseInOperatingCapital,IncreaseDecreaseInOtherLoans,IncreaseDecreaseInOtherOperatingAssets,IncreaseDecreaseInPrepaidExpense,InterestAndDebtExpense,InterestExpense,InterestExpenseOther,InterestPaid,InterestPaidNet,InterestPayableCurrent,InventoryNet,InvestmentAdvisoryManagementAndAdministrativeFees,InvestmentIncomeAmortizationOfDiscount,IssuanceOfStockAndWarrantsForServicesOrClaims,Liabilities,LiabilitiesAndStockholdersEquity,LiabilitiesCurrent,ManagementFeeExpense,NetCashProvidedByUsedInFinancingActivities,NetCashProvidedByUsedInFinancingActivitiesContinuingOperations,NetCashProvidedByUsedInInvestingActivities,NetCashProvidedByUsedInInvestingActivitiesContinuingOperations,NetCashProvidedByUsedInOperatingActivities,NetCashProvidedByUsedInOperatingActivitiesContinuingOperations,NetIncomeLoss,NetIncomeLossIncludingPortionAttributableToNonredeemableNoncontrollingInterest,NonoperatingGainsLosses,NonoperatingIncomeExpense,OfficersCompensation,OperatingCostsAndExpenses,OperatingExpenses,OperatingIncomeLoss,OperatingLeasePayments,OperatingLeasesRentExpenseNet,OperatingLossCarryforwards,OperatingLossCarryforwardsValuationAllowance,OtherAssetsNoncurrent,PaymentsForPurchaseOfOtherAssets1,PaymentsForRent,PaymentsToAcquireProductiveAssets,PaymentsToAcquirePropertyPlantAndEquipment,PreferredStockParOrStatedValuePerShare,PreferredStockSharesAuthorized,PreferredStockSharesIssued,PreferredStockSharesOutstanding,PreferredStockValue,PrepaidExpenseCurrent,ProceedsFromConvertibleDebt,ProceedsFromIssuanceOfCommonStock,ProceedsFromNotesPayable,ProceedsFromRelatedPartyDebt,ProfessionalAndContractServicesExpense,ProfessionalFees,ProfitLoss,PropertyPlantAndEquipmentNet,ReimbursementRevenue,RelatedPartyTransactionDueFromToRelatedParty,RepaymentsOfConvertibleDebt,RepaymentsOfDebt,RepaymentsOfNotesPayable,RetainedEarningsAccumulatedDeficit,Revenues,SaleOfStockPricePerShare,SalesRevenueNet,SecurityDeposit,ServicingFees,ShareBasedCompensation,SharesIssuedPricePerShare,SharesOutstanding,StockholdersEquity,StockholdersEquityOtherShares,StockIssued1,StockIssuedDuringPeriodSharesIssuedForServices,StockIssuedDuringPeriodSharesNewIssues,StockIssuedDuringPeriodSharesOther,StockIssuedDuringPeriodSharesPeriodIncreaseDecrease,StockIssuedDuringPeriodValueConversionOfConvertibleSecurities,StockIssuedDuringPeriodValueIssuedForServices,StockIssuedDuringPeriodValueNewIssues,WeightedAverageNumberOfDilutedSharesOutstanding,WeightedAverageNumberOfShareOutstandingBasicAndDiluted,WeightedAverageNumberOfSharesOutstandingBasic
2014-08-31,2014-11-24,10-Q,"BEMAX, INC.",BMXC,CIK0001613895,USD,,,,,,,3600.0,,,,,1493.0,1493.0,,,4000.0,-2507.0,1493.0,,,0.001,75000000.0,4000000.0,4000000.0,400.0,,,,,,,4807.0,,,,,,,,,,,,,0.0,,,,,,,,,,,,,-7309.0,,4802.0,,0.0,,,,,,,,,,,4807.0,,,0.0,0.0,,,,,,2300.0,,,,,,,,,,0.0,,,,,,,,1493.0,4802.0,,0.0,,,,-2507.0,,-4807.0,-2000.0,,,,,4807.0,,,,4807.0,-4807.0,,,,,,,,,,,,,0.0,,,,,-4807.0,,,,,,,,0.0,,0.0,,,,,1498.0,-3309.0,,,,4000.0,,,,,,,4000000.0,
2014-11-30,2015-01-13,10-Q,"BEMAX, INC.",BMXC,CIK0001613895,USD,,,,,,,62233.0,,,,,59192.0,59192.0,,,59192.0,55192.0,59192.0,,,0.001,75000000.0,5175000.0,5175000.0,518.0,,,,,,,,,,,,,,,,,,,,,,,,,,,,,,,,,-8361.0,,4802.0,,0.0,,,,,,,,,,,1051.0,,,,0.0,,,,,,2300.0,,,,,,,,,,0.0,,,,,,,,59192.0,4802.0,,58750.0,,,,-3558.0,,-1051.0,,,,,,1051.0,,,,,,,,,,,,,,,,,,58750.0,,,,,-5858.0,,,,,,,8360.0,0.0,,0.0,,,,,,-54390.0,,,,,,,,,,,5175000.0,
2015-02-28,2015-04-14,10-Q,"BEMAX, INC.",BMXC,CIK0001613895,USD,,459150.0,407722.0,,,,62233.0,,,,,563948.0,563448.0,500.0,,155726.0,,155726.0,,,,,,,518.0,,,,,-456950.0,,,,,,,,,,,,,,507722.0,,,,,,,,,,,,,,-478511.0,,12836.0,,0.0,,,,,,,,,,,13200.0,,,,,,,,,,,,,,,,,,,,,,,,,,,,563948.0,979708.0,,,,,,,,-470150.0,,,,,,13200.0,,,,,,,,,,,,,,,,,,,,,,,,500.0,,,,,,-476008.0,0.0,,0.0,,,,,,-415760.0,,,,,,,,,,,5175000.0,
2015-05-31,2015-08-10,10-K,"BEMAX, INC.",BMXC,CIK0001613895,USD,2672.0,,407722.0,,,,36875.0,,,,,58637.0,58137.0,500.0,58137.0,58137.0,54137.0,58137.0,,,0.0001,500000000.0,258750000.0,258750000.0,25875.0,,0.0,,,-456950.0,95000.0,,,,,,,,,,,,,507722.0,,0.0,165264.0,165264.0,165264.0,,,,,,,,,,,17336.0,,0.0,,,,,,,,,,,26619.0,5000.0,486070.0,0.0,0.0,-486070.0,2672.0,-407722.0,507722.0,,14834.0,0.0,,93476.0,,,,,,,0.0,,0.0,,,,,,58637.0,20008.0,,58750.0,73584.0,-500.0,-500.0,93476.0,-18947.0,-21619.0,,,,,15266.0,26619.0,-21619.0,,,,,,,,,500.0,,,,,,,,58750.0,0.0,14834.0,,,-483569.0,500.0,,,,,,-24121.0,0.0,,100000.0,,,,,,38629.0,,,,,,,,,,,258750000.0,
2015-08-31,2015-10-13,10-Q,"BEMAX, INC.",BMXC,CIK0001613895,USD,,,,,,,,,,,,,,,,57624.0,-513.0,,,,,,,,,,,,,,,,,,,,,,,,,,,,,,,,,,,,,,,,,,,,,0.0,,,,,,,,,,,10113.0,,,,,,2200.0,,,,7400.0,,,513.0,,,,,,,,,,,,,,,,,,,-513.0,,,,-513.0,-10113.0,,,,,,10113.0,,,,,,,,,,,,,,,,,,,,,,,,,,,,,,,,,,,,,,,,,,,,,,,,,,258750000.0,
2015-11-30,2016-01-14,10-Q,"BEMAX, INC.",BMXC,CIK0001613895,USD,,,,,,,36876.0,,,,,306061.0,305561.0,500.0,,45673.0,,115738.0,,,,,,,25879.0,,207750.0,,,,88513.0,,,,,,,,,,,134148.0,-134148.0,351041.0,,,,,,,,,,,,,351041.0,,,38236.0,,0.0,,,,,,,,,,,3510.0,11806.0,,,,,,,,,,,,,,,,,,,,,1845.0,189823.0,,,,,306061.0,464724.0,1500.0,,,,,,,5796.0,,,,,,6010.0,5796.0,,,,,,,,,,,,,,,,,,,,,1000.0,,500.0,,,,,,-221418.0,100319.0,,100319.0,,,,,,-158663.0,,,,,,,,,,,258750000.0,
2016-02-29,2016-04-12,10-Q,"BEMAX, INC.",BMXC,CIK0001613895,USD,,,,,,,,,,,,,,,,85316.0,,,,,,,,,,,,,,,187361.0,,,,,,,,,,,,,,,,,,,,,,,,,,,,,,,0.0,,,,,,,,,,,8654.0,58758.0,,,,,,,,,,,,,,,,1714.0,,,,,,,,,,,,,1500.0,,,,,,,43186.0,,,-1714.0,,,13858.0,44900.0,,,,,,,,,,,,,,,,,,,,,3704.0,,,,,,,,,239119.0,,246119.0,,,,,,,,,,,,,,,,,258792500.0,
2016-05-31,2016-07-06,10-K,"BEMAX, INC.",BMXC,CIK0001613895,USD,319795.0,,372622.0,1845.0,,,36875.0,11102.0,,,1500.0,306061.0,305561.0,500.0,115738.0,,57601.0,115738.0,,,0.0001,850000000.0,258792500.0,258792500.0,25879.0,,73602.0,,,629440.0,476797.0,221417.0,,,-134148.0,73602.0,207750.0,,,,-134148.0,134148.0,,507722.0,,221417.0,221417.0,220742.0,221417.0,,,,128333.0,,,,351041.0,,,11236.0,,0.0,,0.34,27000.0,,,,,,-358374.0,,21846.0,97041.0,649241.0,0.0,0.0,-649251.0,-2672.0,35100.0,0.0,479374.0,18000.0,1845.0,189823.0,-150154.0,,,,11102.0,,,0.0,,1845.0,189823.0,,,,464724.0,306061.0,464724.0,6000.0,207754.0,186400.0,0.0,,-150154.0,-128799.0,-197296.0,,,-254187.0,500.0,65967.0,40150.0,56891.0,,1000.0,,,,,,476797.0,0.0,0.0001,50000000.0,0.0,0.0,,,183500.0,4.0,207750.0,2900.0,,12304.0,-163171.0,500.0,,,,,,-221417.0,538738.0,,573838.0,,9000.0,,0.0001,,-158663.0,,302750.0,42500.0,,42500.0,,,4.0,,,258792500.0,
2016-08-31,2016-09-30,10-Q,"BEMAX, INC.",BMXC,CIK0001613895,USD,,,,,,,36876.0,44254.0,,,1500.0,321173.0,320673.0,500.0,,115730.0,-8.0,115730.0,,,0.0001,500000000.0,258792500.0,258792500.0,25879.0,,302750.0,,,110000.0,110880.0,,,,,,302750.0,,,,-245666.0,188895.0,,,,,,,,,,,336777.0,385977.0,,449432.0,410269.0,,,42736.0,,0.0,,,,,,,,,-71192.0,,22559.0,-18758.0,,,,,,,,59228.0,4500.0,4938.0,15120.0,-93800.0,,,,,27210.0,,,,6783.0,204943.0,4500.0,-80253.0,,,321173.0,573643.0,1500.0,,120000.0,,,,-120008.0,-93808.0,,,-42691.0,500.0,,32359.0,-51117.0,,,,,,,1000.0,,,,,,,,,120000.0,,,,,8300.0,,500.0,,38236.0,8.0,,,-315225.0,428899.0,,92122.0,,,,,,-252470.0,,,,,,,,,,,258792500.0,
2016-11-30,2017-01-13,10-Q,"BEMAX, INC.",BMXC,CIK0001613895,USD,,,,,12863.0,,43838.0,82115.0,,,,336782.0,336282.0,500.0,,14454.0,,14454.0,,,,500000000.0,259196500.0,259196500.0,25920.0,295746.0,162466.0,295746.0,410269.0,,5297.0,,,,,,342750.0,,,,133230.0,133280.0,,401710.0,,,,,,,401712.0,,47145.0,,,401710.0,401710.0,,,47236.0,,0.0,,,,,,,,,,,4025.0,17734.0,,,,,,,,,,,,,,,,,6079.0,,,,12863.0,321828.0,,,,624275.0,336782.0,624275.0,1500.0,,,,,,,-42026.0,,,-53135.0,,,6625.0,11109.0,,,,,,,,,,,,,,,,,,,,,1100.0,,500.0,,47236.0,,,,-357251.0,23031.0,,23031.0,,,,,,-287493.0,,,,,,,,,,,258843687.0,
2017-02-28,2017-04-21,10-Q,"BEMAX, INC.",BMXC,CIK0001613895,USD,,,,,,500.0,1533092.0,134032.0,,,,234907.0,234407.0,500.0,606.0,606.0,,606.0,,-715358.0,0.0001,500000000.0,301640836.0,301640836.0,30164.0,,42252.0,,,,163020.0,,,,,,388750.0,,,,3748.0,3748.0,,,,,,,,,,,-715358.0,,0.0,,,,,51736.0,0.0,0.0,0.0,,,,,,,,0.0,,68858.0,-138060.0,,,,,,,,,,,,,,,,134032.0,3712.0,0.0,,,634.0,177551.0,,,,94622.0,234907.0,94622.0,1500.0,,,,,,,-1070720.0,,-715318.0,-853102.0,,,79558.0,-217618.0,,,,,,,,,,0.0001,50000000.0,50000000.0,50000000.0,5000.0,56250.0,,,,,0.0,9200.0,,0.0,,51736.0,,,,-1427971.0,24960.0,,24960.0,,,,,,140285.0,,,,,,,,,,347475778.0,347475778.0,347475778.0
2017-05-31,2017-09-15,10-K,"BEMAX, INC.",BMXC,CIK0001613895,USD,12800.0,,,6966.0,,772.0,1533092.0,360566.0,,194320.0,1500.0,473707.0,277754.0,195953.0,39386.0,39386.0,-76352.0,,,,0.0001,850000000.0,301640836.0,301640836.0,30164.0,430000.0,192392.0,,,,303340.0,541179.0,318631.0,185348336.0,,,,,,,237608.0,237608.0,,,,616461.0,616461.0,319762.0,,772.0,,,-319318.0,,,449975.0,449975.0,,11438.0,11438.0,,-0.01,,0.34,45000.0,896686.0,319318.0,1117070.0,,,-500434.0,,88632.0,-158833.0,,,,,12800.0,,,-1117070.0,18000.0,21002.0,198817.0,,,181000.0,44408.0,360566.0,,,,,6966.0,194320.0,,,,718571.0,473707.0,718571.0,6000.0,,467452.0,,-15125.0,,-528679.0,-1591703.0,,,-1242913.0,500.0,,189957.0,-348790.0,119000.0,1000.0,1800000.0,,181000.0,,,,15125.0,,50000000.0,,,5000.0,44048.0,507250.0,,,202.0,,32325.0,,14953.0,5425.0,,,40000.0,,-1813120.0,,,144507.0,390000.0,,,,,-244864.0,,302750.0,,,,,1430502.0,75000.0,,,290913798.0,
2017-08-31,2017-11-03,10-Q,"BEMAX, INC.",BMXC,CIK0001613895,USD,14848.0,,,17120.0,,1318.0,1533092.0,106397.0,,,1500.0,619528.0,269121.0,,,28069.0,-11317.0,,,,,850000000.0,301640836.0,301640836.0,30164.0,,492215.0,,,,810.0,,,,,,681000.0,,,,-188785.0,188785.0,,,,,,,,546.0,,90644.0,115587.0,,,408064.0,408064.0,,,11438.0,,0.0,,,49500.0,,,,,,-23925.0,,43870.0,832.0,,,,,2048.0,,,,4500.0,10157.0,-810.0,,,155000.0,13396.0,,11729.0,,1575.0,,,193510.0,,-106397.0,,993185.0,619528.0,993185.0,1500.0,,234400.0,,,,-245717.0,-128793.0,,,-45140.0,500.0,,84485.0,-83653.0,36000.0,1000.0,,,336000.0,300000.0,,,,,,,,5000.0,47542.0,280400.0,,,,,12365.0,,14407.0,,,,46000.0,,-1941913.0,,,1642.0,390000.0,,,,,-373657.0,,,,,,,,,,,301640836.0,
2017-11-30,2018-01-12,10-Q,"BEMAX, INC.",BMXC,CIK0001613895,USD,11263.0,,,23726.0,,2403.0,1709346.0,172990.0,,,,706064.0,286742.0,,,55492.0,,,,,0.0001,950000000.0,357684069.0,357684069.0,35769.0,,511608.0,,,,700.0,,,,,,795253.0,,,,-283645.0,283645.0,,,,,,,,,,,,,,1008011.0,1008011.0,,11438.0,11438.0,,0.0,,,54000.0,,,,,,,,42341.0,383.0,,,,,,,,,,,,,,,,,13692.0,,,,,194643.0,,,,1620046.0,706064.0,1620046.0,1500.0,,,,,,,-727684.0,,,-646553.0,,,81514.0,-81131.0,,,,,406000.0,,,,,,,,,5000.0,36607.0,,,,,,16423.0,,13322.0,,,,,,-2669597.0,,,1083.0,390000.0,,,,,-913982.0,,,,,,,,,,,325175579.0,
2018-02-28,2018-04-23,10-Q,"BEMAX, INC.",BMXC,CIK0001613895,USD,107133.0,,,,,2664.0,1839038.0,206376.0,,,,976561.0,259000.0,,51323.0,,,,,538825.0,0.0001,1700000000.0,486088787.0,486088787.0,48610.0,982525.0,794006.0,,,,97000.0,,,,,,,,,,188519.0,181519.0,,,,,,,,,,,,,,577569.0,577569.0,,11438.0,11438.0,0.0,,0.0,,58500.0,,,,,,0.0,,46786.0,5090.0,,,,,,,,,,,,,,,,,19704.0,15000.0,,,38339.0,194643.0,,,,1586985.0,976561.0,1586985.0,1500.0,,,,,,,154525.0,,,205647.0,,,56212.0,-51122.0,,,,,705000.0,,,,,,100000000.0,,,,13034.0,,,,,5001.0,2925.0,,12561.0,,,,,,-2515072.0,,,102090.0,390000.0,,,,,-610424.0,,,,,,,,,,1905322209.0,,410004747.0
