end,filed,form,Name,Ticker,CIK,Currency,AccountsPayableAndAccruedLiabilitiesCurrent,AccountsPayableAndOtherAccruedLiabilities,AccountsPayableCurrent,AccountsReceivableNetCurrent,AccretionExpense,AccruedLiabilitiesCurrent,AdditionalPaidInCapital,AdjustmentForAmortization,AdvancesToAffiliate,AllocatedShareBasedCompensationExpense,AllocatedShareBasedCompensationExpenseNetOfTax,AmortizationOfIntangibleAssets,Assets,AssetsCurrent,Cash,CashAndCashEquivalentsAtCarryingValue,CashAndCashEquivalentsFairValueDisclosure,CashAndCashEquivalentsPeriodIncreaseDecrease,CashCashEquivalentsRestrictedCashAndRestrictedCashEquivalentsPeriodIncreaseDecreaseExcludingExchangeRateEffect,CashEquivalentsAtCarryingValue,ClassOfWarrantOrRightExercisePriceOfWarrantsOrRights1,ClassOfWarrantOrRightOutstanding,CommonStockCapitalSharesReservedForFutureIssuance,CommonStockParOrStatedValuePerShare,CommonStockShareSubscribedButUnissuedSubscriptionsReceivable,CommonStockSharesAuthorized,CommonStockSharesIssued,CommonStockSharesOutstanding,CommonStockSharesSubscriptions,CommonStockValue,ConversionOfStockSharesIssued1,ConvertibleLongTermNotesPayable,ConvertibleNotesPayable,ConvertibleNotesPayableCurrent,DebtInstrumentAnnualPrincipalPayment,DebtInstrumentConvertibleConversionPrice1,DeferredTaxAssetsCapitalLossCarryforwards,DeferredTaxAssetsGross,DeferredTaxAssetsNet,DeferredTaxAssetsOperatingLossCarryforwardsDomestic,DeferredTaxAssetsValuationAllowance,DepositAssets,DepositContractsLiabilities,DepositLiabilityCurrent,DepositsAssets,Depreciation,DevelopmentStageEnterpriseDeficitAccumulatedDuringDevelopmentStage,DividendsReceivable,DueToRelatedPartiesCurrent,EarningsPerShareBasicAndDiluted,EarningsPerShareDiluted,EffectiveIncomeTaxRateReconciliationAtFederalStatutoryIncomeTaxRate,EquityIssuancePerShareAmount,ExtinguishmentOfDebtAmount,FairValueAdjustmentOfWarrants,FairValueAssumptionsExpectedDividendRate,FairValueAssumptionsExpectedVolatilityRate,FairValueAssumptionsRiskFreeInterestRate,FiniteLivedIntangibleAssetsAccumulatedAmortization,FiniteLivedIntangibleAssetsGross,FiniteLivedIntangibleAssetsNet,GainLossRelatedToLitigationSettlement,GainsLossesOnExtinguishmentOfDebt,GainsLossesOnRestructuringOfDebt,GeneralAndAdministrativeExpense,GeneralContractorCosts,IncomeLossFromContinuingOperationsBeforeIncomeTaxesMinorityInterestAndIncomeLossFromEquityMethodInvestments,IncomeLossFromDiscontinuedOperationsNetOfTax,IncomeTaxExpenseBenefit,IncomeTaxesPaid,IncomeTaxReconciliationChangeInDeferredTaxAssetsValuationAllowance,IncomeTaxReconciliationNondeductibleExpense,IncomeTaxReconciliationNondeductibleExpenseImpairmentLosses,IncomeTaxReconciliationPriorYearIncomeTaxes,IncomeTaxReconciliationTaxCredits,IncreaseDecreaseInAccountsPayableAndAccruedLiabilities,IncreaseDecreaseInAccountsPayableTrade,IncreaseDecreaseInAccountsReceivable,IncreaseDecreaseInAccruedInterestReceivableNet,IncreaseDecreaseInInterestPayableNet,IncreaseDecreaseInPrepaidExpense,InterestExpense,InterestExpenseShortTermBorrowings,InterestPaid,InterestPaidNet,IssuanceOfStockAndWarrantsForServicesOrClaims,Liabilities,LiabilitiesAndStockholdersEquity,LiabilitiesCurrent,LicenseCosts,LineOfCredit,NetCashProvidedByUsedInFinancingActivities,NetCashProvidedByUsedInInvestingActivities,NetCashProvidedByUsedInOperatingActivities,NetIncomeLoss,NonoperatingIncomeExpense,OperatingExpenses,OperatingIncomeLoss,OperatingLossCarryforwards,OtherIncome,OtherNonoperatingIncomeExpense,OtherPrepaidExpenseCurrent,PaymentsToAcquireIntangibleAssets,PaymentsToAcquireMachineryAndEquipment,PaymentsToAcquireOtherProductiveAssets,PrepaidExpenseCurrent,PrepaidExpenseCurrentAndNoncurrent,ProceedsFromConvertibleDebt,ProceedsFromDepositsOnRealEstateSales,ProceedsFromIssuanceOfCommonStock,ProceedsFromIssuanceOfPrivatePlacement,ProceedsFromNotesPayable,ProceedsFromRepaymentsOfDebt,ProceedsFromRepaymentsOfOtherDebt,ProceedsFromRepaymentsOfOtherLongTermDebt,ProceedsFromSaleOfOtherAssets1,ProceedsFromShortTermDebt,ProceedsFromStockOptionsExercised,ProceedsFromStockPlans,ProfessionalFees,ProfitLoss,RelatedPartyTransactionAmountsOfTransaction,ResearchAndDevelopmentExpense,RetainedEarningsAccumulatedDeficit,Revenues,ShareBasedCompensation,ShareBasedCompensationArrangementByShareBasedPaymentAwardFairValueAssumptionsExpectedDividendRate,ShareBasedCompensationArrangementByShareBasedPaymentAwardFairValueAssumptionsExpectedVolatilityRate,ShareBasedCompensationArrangementByShareBasedPaymentAwardFairValueAssumptionsRiskFreeInterestRate,ShareBasedCompensationArrangementByShareBasedPaymentAwardNonOptionEquityInstrumentsGranted,ShareBasedCompensationArrangementByShareBasedPaymentAwardNonOptionEquityInstrumentsOutstandingNumber,ShareBasedCompensationArrangementByShareBasedPaymentAwardNumberOfSharesAvailableForGrant,ShareBasedCompensationArrangementByShareBasedPaymentAwardOptionsExercisableNumber,ShareBasedCompensationArrangementByShareBasedPaymentAwardOptionsExercisableWeightedAverageExercisePrice,ShareBasedCompensationArrangementByShareBasedPaymentAwardOptionsExpirationsInPeriod,ShareBasedCompensationArrangementByShareBasedPaymentAwardOptionsGrantsInPeriod,ShareBasedCompensationArrangementByShareBasedPaymentAwardOptionsGrantsInPeriodWeightedAverageGrantDateFairValue,ShareBasedCompensationArrangementByShareBasedPaymentAwardOptionsOutstandingNumber,ShareBasedCompensationArrangementByShareBasedPaymentAwardOptionsOutstandingWeightedAverageExercisePrice,ShareBasedCompensationArrangementByShareBasedPaymentAwardOptionsVestedAndExpectedToVestOutstandingAggregateIntrinsicValue,ShareBasedCompensationArrangementByShareBasedPaymentAwardPlanModificationIncrementalCompensationCost,ShareBasedCompensationArrangementsByShareBasedPaymentAwardOptionsExercisesInPeriodWeightedAverageExercisePrice,ShareBasedCompensationArrangementsByShareBasedPaymentAwardOptionsExpirationsInPeriodWeightedAverageExercisePrice,ShareBasedCompensationArrangementsByShareBasedPaymentAwardOptionsGrantsInPeriodWeightedAverageExercisePrice,SharebasedCompensationArrangementBySharebasedPaymentAwardOptionsExercisableIntrinsicValue1,SharebasedCompensationArrangementBySharebasedPaymentAwardOptionsNonvestedWeightedAverageGrantDateFairValue,SharePrice,SharesIssued,SharesIssuedPricePerShare,ShortTermBankLoansAndNotesPayable,ShortTermBorrowings,ShortTermNonBankLoansAndNotesPayable,StockholdersEquity,StockholdersEquityNoteStockSplitConversionRatio,StockIssuedDuringPeriodSharesConversionOfConvertibleSecurities,StockIssuedDuringPeriodSharesIssuedForNoncashConsideration,StockIssuedDuringPeriodSharesIssuedForServices,StockIssuedDuringPeriodSharesNewIssues,StockIssuedDuringPeriodSharesShareBasedCompensation,StockIssuedDuringPeriodSharesStockOptionsExercised,StockIssuedDuringPeriodValueConversionOfConvertibleSecurities,StockIssuedDuringPeriodValueIssuedForServices,StockIssuedDuringPeriodValueNewIssues,StockIssuedDuringPeriodValueOther,StockIssuedDuringPeriodValueShareBasedCompensation,TemporaryEquityShareSubscriptions,UnrealizedGainLossOnForeignCurrencyDerivativesNetBeforeTax,UnsecuredDebtCurrent,WeightedAverageNumberOfDilutedSharesOutstanding,IncomeTaxesPaidNet,IncreaseDecreaseInPrepaidExpensesOther,PaymentsForRepurchaseOfWarrants
2006-12-31,2007-04-17,10-K,"PROTOKINETIX, INCORPORATED",PKTX,CIK0001128189,USD,,,,,,,,,,,,,,,,,,,,,,,,,,,,,,,,,,,,,,,,,,,,,,,,,,,,,,,,,,,,,,,,,,,,,,,,,,,,,,,,,,,,,,,,,,,,,,,-1967633.0,,,,,,,,,,,,,,,,,,,,,,,,,,,,,,,,,,,,,,,,,,,,,,,,,,,,,,,,,,199249.0,,,,,,,,,,,,,,,,,,,
2008-12-31,2009-05-15,10-K,"PROTOKINETIX, INCORPORATED",PKTX,CIK0001128189,USD,,,,,,,,,,,,,,,,,,,,,,,,,,,,,,,,,,,,,,,,,,,,,,,,,,,,,,,,,,,,,,,,,,,,,,,,,,,,,,,,,,,,,,,,,,,,,,,-1550818.0,,,,,,,,,,,,,,,,,,,,,,,,,,,,,,,,,,,,,,,,,,,,,,,,,,,,,,,,,,-137627.0,,,,,,,,,,,,,,,,,,,
2009-12-31,2010-03-11,10-K,"PROTOKINETIX, INCORPORATED",PKTX,CIK0001128189,USD,,,,,,,,,,,,,,,22788.0,,,,,,,,,,,,,,,,,,,,,,,,,,,,,,,,,,,,,,,,,,,,,,,,,,,,,,,,,,,,,,,,,,,,,,,,,,,,,,,,-1270109.0,,,,,,,,,,,,,,,,,,,,,,,,,,,,,,,,,,,,,,,,,,,,,,,,,,,,,,,,,,-248910.0,,,,,,,,,,,,,,,,,,,
2010-06-30,2010-08-11,10-Q,"PROTOKINETIX, INCORPORATED",PKTX,CIK0001128189,USD,,,,,,,,,,,,,,,21645.0,,,,,,,,,,,,,,,,,,,,,,,,,,,,,,,,,,,,-0.01,,,,,,,,,,,,,,36080.0,162665.0,-208337.0,,,,,,,,,,,,,,,6000.0,,,,,,,,,,,,,-208337.0,,208337.0,-208337.0,,,,,,,,,,,,,,,,,,,,,,3592.0,,,,,,,,,,,,,,,,,,,,,,,,,,,,,,,,,,,,,,,,,,,,,,,,,70507756.0,,,
2010-09-30,2010-11-08,10-Q,"PROTOKINETIX, INCORPORATED",PKTX,CIK0001128189,USD,,,,,,,,,,,,,,,5883.0,,,,,,,,,,,,,,,,,,,,,,,,,,,,,,,,,,,,-0.01,,,,,,,,,,,,0.0,,80694.0,377437.0,,0.0,,,,,,,,,,,,,,6000.0,,,,,,,,0.0,,,,,-588781.0,-588781.0,588781.0,-588781.0,,0.0,,,,,,,,,,,,,,,,,,,,5100.0,,,119550.0,,0.0,,,,,,,,,,,,,,,,,,,,,,,,,,,,,,,,,,,,,,,,,,,,73428203.0,,,
2010-12-31,2011-03-29,10-K,"PROTOKINETIX, INCORPORATED",PKTX,CIK0001128189,USD,237597.0,,237597.0,0.0,,,23275857.0,,,,,,69175.0,,14412.0,,,-8376.0,,,,11080000.0,,0.0,,100000000.0,83712433.0,83712433.0,50000.0,452.0,,,,300000.0,,,,,,,,,,,,0.0,23794731.0,,,-0.02,,,,,,,,,,,,,0.0,,213028.0,951369.0,-1388772.0,0.0,,0.0,,,,,,,131167.0,0.0,,,10000.0,24000.0,,0.0,,,537597.0,69175.0,,0.0,,106500.0,0.0,-114876.0,-1388772.0,,1397412.0,-1397412.0,,0.0,,,,0.0,,54763.0,,,,128750.0,,,-72250.0,,0.0,,,0.0,,47507.0,,,161508.0,,0.0,,,,,,,,250000.0,0.2,,,,,,,,,,,0.0,,,,,,,0.0,-468422.0,,,,,,,,,,,,,,,,75471414.0,,,
2011-03-31,2011-05-16,10-Q,"PROTOKINETIX, INCORPORATED",PKTX,CIK0001128189,USD,,,,,,,,,,,,,,,1809.0,,,-12603.0,,,,,,,,,,,,,,,,,,,,,,,,,,,,0.0,,,,0.0,,,,,,,,,,,,,-330000.0,,44013.0,67589.0,-446002.0,0.0,,0.0,,,,,,,-36481.0,0.0,,,0.0,0.0,,0.0,,,,,,0.0,,72291.0,0.0,-84894.0,-446002.0,-330000.0,116002.0,,,0.0,,,,0.0,,,,,,0.0,,,22291.0,,0.0,,,0.0,,4400.0,,,0.0,,0.0,,,,,,,,,,,,,,,,,,,,,,,,,,,,,,,,,,,,,,,,,,,,85325173.0,,,
2011-06-30,2011-08-15,10-Q,"PROTOKINETIX, INCORPORATED",PKTX,CIK0001128189,USD,,,291184.0,4333.0,,,24021302.0,,,,,,15334.0,,2001.0,,,,,,,,,0.0,,100000000.0,94262433.0,94262433.0,25000.0,507.0,,,,,,,,,,,,,,,,,24427390.0,,,-0.01,-0.01,,,,,,,,,,,,0.0,,44292.0,118674.0,-186657.0,0.0,,,,,,,,,,,,,,0.0,,,,,395915.0,15334.0,,0.0,,,,,-186657.0,0.0,186657.0,-186657.0,,0.0,,,,,,9000.0,,,,,,,,,,,,,,23691.0,,,0.0,,0.0,,,,,,,,,,,,,,,,,,,,,,,,,,,104731.0,-380581.0,,,,,,,,,,,,,,,,93594851.0,,,
2011-09-30,2011-11-14,10-Q,"PROTOKINETIX, INCORPORATED",PKTX,CIK0001128189,USD,,,153693.0,5377.0,,,24049799.0,,,,,,51563.0,,6436.0,,,,,,,,,0.0,,100000000.0,94962433.0,94962433.0,25000.0,510.0,,,,300000.0,,,,,,,,,,,,,24518794.0,,,,-0.01,,,,,,,,,,,,0.0,,28610.0,40250.0,-91405.0,0.0,,,,,,,,,,,,,,6000.0,,,,,472548.0,51563.0,,0.0,,,,,-91405.0,15000.0,106405.0,-106405.0,,15000.0,,,,,,39750.0,,,,,,,,,,,,,,18130.0,,,13415.0,,0.0,,,,,,,,,,,,,,,,,,,,,,,,,,,18855.0,-420985.0,,,,,,,,,,,,,,,,94424390.0,,,
2011-12-31,2012-03-20,10-K,"PROTOKINETIX, INCORPORATED",PKTX,CIK0001128189,USD,153391.0,,153391.0,6528.0,,,24540666.0,,,,,,29771.0,,4512.0,,,-9900.0,,,,4280000.0,,0.0,,200000000.0,119512433.0,119512433.0,25000.0,643.0,,,,300000.0,,,,,,8500000.0,,,,,,0.0,25026664.0,,,-0.01,,,,,,,,,,,,,-330000.0,,200989.0,512032.0,-1231933.0,0.0,,0.0,,,,,,,-84206.0,6528.0,,,0.0,12000.0,,0.0,,,490126.0,29771.0,,0.0,,386735.0,0.0,-396635.0,-1231933.0,-1231933.0,916933.0,-916933.0,,15000.0,,,,0.0,,18731.0,,,,50000.0,75000.0,,36735.0,,300000.0,,,0.0,,74497.0,,,117415.0,,0.0,,,,,,,,250000.0,0.2,,,,,,,,,,,0.0,,,,,,,36735.0,-460355.0,,9000000.0,,26050000.0,,22650000.0,,630000.0,560000.0,,,492000.0,,,,93592433.0,,,
2012-03-31,2012-05-15,10-Q,"PROTOKINETIX, INCORPORATED",PKTX,CIK0001128189,USD,,,77414.0,94.0,,,24540666.0,,,,,,19852.0,,17527.0,,,13015.0,,,,,,0.0,,200000000.0,119512433.0,119512433.0,125000.0,643.0,,,,300000.0,,,,,,,,,,,,0.0,25093023.0,,,0.0,,,,,,,,,,,,,0.0,,34435.0,16500.0,-66359.0,0.0,,0.0,,,,,,,-75977.0,-6434.0,,,-16500.0,6000.0,,0.0,,,446566.0,19852.0,,0.0,,132417.0,0.0,-119402.0,-66359.0,0.0,66359.0,,,0.0,,,,0.0,,2231.0,,,,0.0,,,32417.0,,0.0,0.0,,0.0,,9424.0,,,0.0,,0.0,,,,,,,,,,,,,,,,,,,,,,,,,,,69152.0,-426714.0,,,,,,,,,0.0,,,,,,,119512433.0,,,
2012-06-30,2012-08-14,10-Q,"PROTOKINETIX, INCORPORATED",PKTX,CIK0001128189,USD,,,113876.0,3923.0,,,24665600.0,,,,,,19680.0,,15026.0,,15026.0,,,,,15830000.0,,0.0,125000.0,200000000.0,132012433.0,132012433.0,25000.0,709.0,,,,300000.0,,,,,,,,,,,,,25132505.0,,,-0.01,,,,,,,,,,,,,0.0,,28683.0,2231.0,-40214.0,0.0,,,,,,,,,,,,,,6000.0,,,,,460876.0,19680.0,,0.0,,,,,-40214.0,0.0,40214.0,-39483.0,,0.0,,,,,,731.0,,,,,,,,,,,,,,3300.0,,,0.0,,0.0,,,,,,,,,,,,,,,,,,,,,,,,,,,47000.0,-441196.0,,,,,,,,,,,,,12500000.0,,,121937091.0,,,
2012-09-30,2012-11-15,10-Q,"PROTOKINETIX, INCORPORATED",PKTX,CIK0001128189,USD,,,151920.0,4885.0,,,24690587.0,,,,,,9998.0,,5113.0,,5113.0,,,,,16530000.0,,0.0,125000.0,200000000.0,134512433.0,134512433.0,25000.0,722.0,,,,300000.0,,,,,,,,,,,,,25175231.0,,,0.0,,,,,,,,,,,,,0.0,,27358.0,2231.0,-41994.0,0.0,,,,,,,,,,,,,,6000.0,,,,,468920.0,9998.0,,0.0,,,,,-41994.0,0.0,41994.0,,,0.0,,,,,,0.0,,,,,,,,,,,,,,6405.0,,,0.0,,0.0,,,,,,,,,,,,,,,,,,,,,,,,,,,17000.0,-458922.0,,,,,,,,,,,,,12500000.0,,,94424390.0,,,
2012-12-31,2014-04-30,10-K,"PROTOKINETIX, INCORPORATED",PKTX,CIK0001128189,USD,181399.0,,181399.0,6020.0,0.0,,24690587.0,,,,,,8426.0,,2406.0,,,-2106.0,,,,16530000.0,,0.0,,400000000.0,134512433.0,134512433.0,25000.0,722.0,,,,300000.0,,,,,,8500000.0,,,,0.0,,0.0,25223782.0,,,0.0,,0.34,,,,,,,,,,,0.0,,119399.0,18731.0,-197118.0,0.0,,0.0,,,,,,28008.0,28008.0,-508.0,,,-18731.0,24000.0,,0.0,,,515899.0,8426.0,,0.0,,147765.0,0.0,-149871.0,-197118.0,-197118.0,197118.0,-197118.0,25200000.0,0.0,,,,0.0,,0.0,,,,125000.0,150000.0,,22765.0,,0.0,0.0,,0.0,,34988.0,,,0.0,,0.0,,,,,,,,0.0,0.0,,0.0,,,,,,,,,0.0,,,,,,,34500.0,-507473.0,,,,,,0.0,,,200000000.0,,,,,,34500.0,129224762.0,,,
2013-03-31,2014-05-14,10-Q,"PROTOKINETIX, INCORPORATED",PKTX,CIK0001128189,USD,,,104295.0,6020.0,0.0,,24754428.0,,,,,,21885.0,,13946.0,,13946.0,11540.0,,,,15000000.0,,0.0,,400000000.0,134512433.0,134512433.0,25000.0,722.0,,,,300000.0,,,,,,,,,,25000.0,,0.0,25312594.0,,,0.0,,,,,,,,,,,,,0.0,,20859.0,39375.0,-88812.0,0.0,,0.0,,,,,,,12896.0,0.0,,,1919.0,6000.0,,0.0,,,554295.0,21885.0,,0.0,,500.0,25000.0,-13960.0,-88812.0,0.0,88812.0,,,0.0,,,,0.0,,1919.0,,,,0.0,,,500.0,,0.0,25000.0,,0.0,,4328.0,,,18250.0,,0.0,,,,,,,,,,,,,,,,,,,,,,,,,90000.0,,125000.0,-532410.0,,,,,,,,,-63875.0,,,,,,,134514433.0,,,
2013-06-30,2014-05-14,10-Q,"PROTOKINETIX, INCORPORATED",PKTX,CIK0001128189,USD,,,120298.0,0.0,,,24846254.0,,,,,,23080.0,,4494.0,,4494.0,,,,,15800000.0,,0.0,,400000000.0,137312433.0,137312433.0,25000.0,737.0,,,,300000.0,,,,,,,,,,25000.0,,,25407277.0,,,-0.01,,,,,,,,,,,,,0.0,,25975.0,42708.0,-94683.0,0.0,,,,,,,,,,,,,,6000.0,,,,,558298.0,23080.0,,0.0,,,,,-94683.0,0.0,94683.0,,,0.0,,,,,,18586.0,,,,,,,,,,,,,,1750.0,,,18250.0,,0.0,,,,,,,,,,,,,,,,,,,,,,,,,90000.0,,113000.0,-535218.0,,,,,,,,,,,,,,,,135703642.0,,,
2013-09-30,2014-05-15,10-Q,"PROTOKINETIX, INCORPORATED",PKTX,CIK0001128189,USD,,,136823.0,0.0,,,24925087.0,,,,,,16116.0,,2530.0,,2530.0,,,,,17300000.0,,0.0,,400000000.0,138812433.0,138812433.0,25000.0,745.0,,,,300000.0,,,,,,,,,,25000.0,,,25505141.0,,,0.0,,,,,,,,,,,,,0.0,,23326.0,44375.0,-97864.0,0.0,,,,,,,,,,,,,,6000.0,,,,,570323.0,16116.0,,0.0,,,,,-97864.0,0.0,97864.0,,,0.0,,,,,,13586.0,,,,,,,,,,,,,,5913.0,,,18250.0,,0.0,,,,,,,,,,,,,,,,,,,,,,,,,,,108500.0,-554207.0,,,,,,,,,,,,,,,,137948303.0,,,
2013-12-31,2014-05-27,10-K,"PROTOKINETIX, INCORPORATED",PKTX,CIK0001128189,USD,173962.0,,173962.0,119.0,733.0,1667.0,25028311.0,,,,,,24645.0,,3065.0,,,659.0,,,,21300000.0,,0.0,,400000000.0,142312433.0,142312433.0,25000.0,763.0,,,,300000.0,,,,,,8700000.0,,,,25000.0,,0.0,25672359.0,,,0.0,,0.34,0.01,,,,,,,,,,0.0,0.0,95752.0,213334.0,-448577.0,0.0,,0.0,,,,,,82563.0,,-5901.0,,,14794.0,26400.0,,0.0,,,642795.0,24645.0,,0.0,,81000.0,25000.0,-105341.0,-448577.0,,448577.0,,25700000.0,0.0,,,,0.0,,21461.0,,0.0,,0.0,,,81000.0,,0.0,25000.0,,0.0,,38591.0,,,74500.0,-25672359.0,0.0,,0.0,1.25,0.0183,,,,2000000.0,0.0,,0.0,,,,,,,,,20000.0,,,,,,,143833.0,-618150.0,,,,,,2000000.0,,,20000.0,,,20000.0,,,127500.0,137107228.0,,,
2014-03-31,2014-06-05,10-Q,"PROTOKINETIX, INCORPORATED",PKTX,CIK0001128189,USD,,,147692.0,119.0,1100.0,4167.0,25093598.0,,,,,,5428.0,,1724.0,,1724.0,-1341.0,,,,13500000.0,,0.0,50000.0,400000000.0,170362433.0,170362433.0,75000.0,911.0,,,,300000.0,,,,,,,,,,25000.0,,0.0,25757706.0,,,0.0,,,,,,,,,,,,,0.0,,14072.0,45300.0,-85347.0,0.0,,0.0,,,,,,-26270.0,-26270.0,0.0,,,-12876.0,9600.0,,0.0,,,593625.0,5428.0,,0.0,,51000.0,0.0,-52341.0,-85347.0,0.0,85347.0,,,0.0,0.0,,0.0,0.0,,3585.0,,,,0.0,,,1000.0,,0.0,0.0,,0.0,,3500.0,,,12875.0,,0.0,0.0,0.0,1.25,0.0236,,,,,,,,,,,,,,,,,,,,,,,120933.0,-588197.0,,2500000.0,16000000.0,25550000.0,,,,25000.0,,,,,,,103500.0,166446322.0,,,
2014-06-30,2014-08-14,10-Q,"PROTOKINETIX, INCORPORATED",PKTX,CIK0001128189,USD,129508.0,,,1275.0,,6667.0,25219570.0,,,,,,9997.0,,6802.0,,6802.0,,,,,13500000.0,,0.0,,400000000.0,175662433.0,175662433.0,0.0,939.0,,,,310000.0,,,,,,,,,,55000.0,,,,,,-0.01,,,,,,,,,,,,,,,49000.0,3978.0,,,,,,,,,,,,,,,,9600.0,,,,,616541.0,9997.0,,,,,,,-69347.0,,69347.0,,,,0.0,,,,,1920.0,,,,,,,,,,,,,,6769.0,,,0.0,-25827053.0,0.0,0.0,,,,,,,50000.0,0.02,,,,,,,,,,,1000.0,,,,,,,122033.0,-606544.0,,,,,,,,,,,,,,,103500.0,171697598.0,,,
2014-09-30,2014-11-14,10-Q,"PROTOKINETIX, INCORPORATED",PKTX,CIK0001128189,USD,140219.0,,,2187.0,,7653.0,25219570.0,,,,,,14965.0,,10858.0,,10858.0,,,,,11000000.0,,0.0,,400000000.0,175662433.0,175662433.0,0.0,939.0,,,,391750.0,,,,,,,,,,0.0,,,,,,0.0,,,,,,,,,,,,,3116.0,,20977.0,-2312.0,,,,,,,,,,,,,,,,8635.0,,,,,635469.0,14965.0,,,,,,,-13960.0,,13960.0,,,,,,,,,1920.0,,,,,,,,,,,,,,42661.0,,,2115.0,-25841013.0,0.0,,,,,,,,,,,,,,,,,,,,,,,,,,,103500.0,-620504.0,,,,,,,,,,,,,,,103500.0,175662433.0,,,
2014-12-31,2015-04-14,10-K,"PROTOKINETIX, INCORPORATED",PKTX,CIK0001128189,USD,270893.0,84000.0,,5497.0,2630.0,7653.0,25411550.0,,23500.0,256500.0,,,5814.0,5814.0,317.0,,,-2748.0,,,0.25,,3840000.0,0.0,,400000000.0,175662433.0,175662433.0,25000.0,939.0,,84000.0,100000.0,100000.0,,,8800000.0,,,8800000.0,,,,0.0,,,,,,0.0,,0.34,,,,,,,,,0.0,192000.0,3116.0,192000.0,141500.0,95158.0,,,,0.0,,,25800000.0,,,128334.0,,5378.0,,,-14794.0,34418.0,10000.0,0.0,,,434143.0,5814.0,,,,196500.0,30000.0,-229248.0,-168479.0,,418595.0,,25800000.0,250116.0,,,,,,0.0,,100000.0,,100000.0,,,20000.0,,,30000.0,20000.0,,192000.0,133769.0,,,13750.0,-25840838.0,0.0,,0.0,1.25,0.0236,,,,25600000.0,,,,,0.0,0.0,0.0,,,,,256500.0,0.0,,,0.05,90000.0,63250.0,63250.0,-428329.0,,3840000.0,,25600000.0,,,,,1000.0,,,,,,63250.0,172401474.0,,,
2015-03-31,2015-05-20,10-Q,"PROTOKINETIX, INCORPORATED",PKTX,CIK0001128189,USD,176361.0,,,5928.0,,,25996578.0,,,40000.0,,,168034.0,138034.0,130652.0,,,130335.0,,,,2700000.0,,0.0,,400000000.0,198002433.0,198002433.0,0.0,1057.0,,,,100000.0,,,,,,,,,,0.0,,,,,,0.0,,,,,,,,,,,30000.0,,,,38859.0,50000.0,,,,0.0,,,,,,75468.0,,431.0,,,1454.0,1973.0,,0.0,,,276361.0,168034.0,,,,266750.0,-30000.0,-106415.0,-265124.0,,259282.0,,,,-5842.0,,30000.0,,,1454.0,,,,330000.0,,,-63250.0,-63250.0,,,,,,74324.0,,12000.0,53000.0,-26105962.0,,41126.0,,,,,,,2650000.0,,,,0.03,13000000.0,,,,,,,,,,,,,,0.0,-108327.0,,,,1000000.0,,,,,40000.0,,,,,,,182277544.0,,,
2015-06-30,2015-08-14,10-Q,"PROTOKINETIX, INCORPORATED",PKTX,CIK0001128189,USD,112467.0,,,7895.0,,,26367680.0,,,,,0.0,188177.0,123177.0,114402.0,,,,,,,8700000.0,,0.0,,400000000.0,200664933.0,200664933.0,0.0,1072.0,,,100000.0,100000.0,,,,,,,,,,,,,,,,0.0,,,,,,,,,,,65000.0,,,,42691.0,0.0,,,,,,,,,,,,,,,,1996.0,,,,,212467.0,188177.0,,,,,,,-287080.0,,292123.0,,,,5043.0,,,,,880.0,,,,,,,,,,,,,,96199.0,,,19120.0,-26393042.0,,132117.0,,,,,,,5350000.0,,,,,13000000.0,,,,,,,,,,,,,0.0,0.0,-24290.0,,,,,,,,,,,,,,,,199308477.0,,,
2015-09-30,2015-11-16,10-Q,"PROTOKINETIX, INCORPORATED",PKTX,CIK0001128189,USD,79178.0,,,7983.0,,,26777414.0,,,,,0.0,237146.0,172146.0,163526.0,,,,,,,12262500.0,,0.0,,400000000.0,206502433.0,206502433.0,,1103.0,,,,,,,,,,,,,,,,,,,,0.0,,,,,,,,,,,65000.0,,7272.0,,23119.0,15000.0,,,,,,,,,,,,,,,,0.0,,,,,79178.0,237146.0,,,,,,,-227507.0,,234779.0,,,,121.0,,,,,637.0,,,,,,,,,,,,,,49325.0,,,29850.0,-26620549.0,,117485.0,,,,,,,8849998.0,,,,,14600000.0,,,,,,,,,,,,,0.0,,157968.0,,,,,,,,,,,,,,,,202076618.0,,,
2015-12-31,2016-03-30,10-K,"PROTOKINETIX, INCORPORATED",PKTX,CIK0001128189,USD,45388.0,,,8023.0,,,27498836.0,,,176000.0,,1500.0,449752.0,379492.0,371072.0,,,370755.0,,,,8700000.0,,0.0,,400000000.0,216602433.0,216602433.0,,1159.0,1250000.0,,,,161750.0,0.08,9000000.0,,,,,,0.0,,,,,0.0,,-0.01,,,,,25000.0,,,,1500.0,71760.0,70260.0,,7272.0,,126767.0,125000.0,,,,0.0,,,26400000.0,,,-18233.0,,2526.0,,,397.0,3968.0,,0.0,,,45388.0,449752.0,45388.0,,,991750.0,-46760.0,-574235.0,-1254793.0,,1262065.0,,,,,397.0,30000.0,,,397.0,,,,1035000.0,,,,,,,,,,314454.0,,,158890.0,-27095631.0,,531486.0,0.0,1.25,0.009,,,,12350000.0,,,14600000.0,0.03,14600000.0,0.05,350000.0,,,,0.05,,0.03,,,,,0.0,,404364.0,,,,3600000.0,,,,,40000.0,,,,,,,197978111.0,,,
2016-03-31,2016-05-16,10-Q,"PROTOKINETIX, INCORPORATED",PKTX,CIK0001128189,USD,89529.0,,,8023.0,,,27690354.0,,,7000.0,,750.0,340557.0,269163.0,260973.0,,,-110099.0,,,,6500000.0,,0.0,,400000000.0,216702433.0,216702433.0,,1160.0,,,,,,,,,,,,,,,,,,,,0.0,,,,,,,,,,,71394.0,,,,21431.0,,,,,0.0,,,,,,44141.0,,,,,-230.0,,,0.0,,,,340557.0,89529.0,,,0.0,-1884.0,-108215.0,-344855.0,,344858.0,,,,3.0,,1884.0,,,167.0,,,,0.0,,,,,,,,,,66507.0,,12000.0,71651.0,-27440486.0,,184519.0,,,,,,,15350000.0,,,,0.05,28600000.0,,110000.0,,,,,,,,,,,,,251028.0,,,,100000.0,,,,,7000.0,,,,,,,216635400.0,,,
2016-06-30,2016-08-15,10-Q,"PROTOKINETIX, INCORPORATED",PKTX,CIK0001128189,USD,112110.0,,,8023.0,,,28046576.0,,,,,750.0,346429.0,271131.0,108513.0,,,,,,,6500000.0,,0.0,,400000000.0,220852433.0,220852433.0,,1182.0,,,,,,,,,,,,,,,,,,0.0,,0.0,,,,,,,,,,,75298.0,,,,29503.0,0.0,,,,,,,,,,,,,,,,0.0,,,,,,346429.0,112110.0,,,,,,-372953.0,,370784.0,,,,-2169.0,,,,,154595.0,,,,,,,,,,,,,,41806.0,,,108481.0,-27813439.0,,190244.0,,,,,,,19100000.0,,,,,28600000.0,,290000.0,,,,,,,,,,,,,234319.0,,,,,,,,,,,,,,,,217340895.0,,,
2016-09-30,2016-11-14,10-Q,"PROTOKINETIX, INCORPORATED",PKTX,CIK0001128189,USD,40386.0,,,0.0,,,28459913.0,,,,,750.0,255993.0,180394.0,88965.0,,,,,,,6500000.0,,0.0,,400000000.0,226202433.0,226202433.0,,1210.0,,,,,,,,,,,,,,,,,,0.0,,0.0,,,,,,,,,,,75599.0,,0.0,,17341.0,0.0,,,,,,,,,,,,,,,,0.0,,,,,,255993.0,40386.0,,,,,,-432077.0,,432077.0,,,,0.0,,,,,91429.0,,,,,,,,,,,,,,39664.0,,,174957.0,-28245516.0,,199365.0,,,,,,,22850000.0,,,,,28600000.0,,398000.0,,,,,,,,,,,,,215607.0,,,,,,,,,,,,,,,,222088754.0,,,
2016-12-31,2017-02-21,10-K,"PROTOKINETIX, INCORPORATED",PKTX,CIK0001128189,USD,45295.0,,,0.0,,,29115795.0,3000.0,,543699.0,,3000.0,542094.0,441413.0,371029.0,,,-43.0,,,,6500000.0,,0.0,,400000000.0,237952433.0,237952433.0,,1273.0,,,,0.0,,,9200000.0,,,,,54770.0,54770.0,,,,,0.0,,-0.01,,,,,,,,,4500.0,105181.0,100681.0,,0.0,,99648.0,0.0,,,,0.0,,,27200000.0,,,-3724.0,,-8023.0,,0.0,69987.0,12.0,,0.0,,,45295.0,542094.0,45295.0,,0.0,850000.0,-29790.0,-820253.0,-1524638.0,,1524638.0,,,,,15614.0,29790.0,,33421.0,70384.0,54770.0,,,850000.0,,,,,,,,,,211006.0,,72000.0,450899.0,-28620269.0,,760073.0,0.0,1.25,0.009,,,0.0,26900000.0,,,15300000.0,0.05,28900000.0,0.06,110000.0,,,,0.08,,0.04,,,,0.0,,,496799.0,,,,3600000.0,,,,,7000.0,,,,,,,221613392.0,,,
2017-03-31,2017-05-12,10-Q,"PROTOKINETIX, INCORPORATED",PKTX,CIK0001128189,USD,46312.0,,,,,,29666268.0,,,99137.0,,750.0,718263.0,575094.0,549186.0,,,178157.0,,,,6500000.0,,0.0,,400000000.0,245952433.0,245952433.0,,1316.0,,,,,,,,,,,,21908.0,,,,,,0.0,,-0.01,,,,,,,,,,,143169.0,,,,32133.0,,,,,0.0,,,,,,4648.0,,,0.0,,-28862.0,,,0.0,,,,718263.0,46312.0,,250000.0,320000.0,-31255.0,-110588.0,-375364.0,,375389.0,,,,25.0,4000.0,31255.0,,,25908.0,,,,320000.0,,,,,,,,,,42952.0,,15000.0,69038.0,-28995633.0,,230516.0,,,,,6500000.0,,30950000.0,,,,0.06,45100000.0,0.11,1826000.0,,,,,,,,,,,,,671951.0,,,,0.0,,,,,0.0,,320000.0,,,25.0,,226457836.0,,,
2017-06-30,2017-08-08,10-Q,"PROTOKINETIX, INCORPORATED",PKTX,CIK0001128189,USD,5369.0,,,,,,29852293.0,,,,,750.0,531950.0,380777.0,238277.0,,,,,,,6500000.0,,0.0,,400000000.0,245952433.0,245952433.0,,1316.0,,,,,,,,,,,,134370.0,,,,,,0.0,,0.0,,,,,,,,,,,151173.0,,,,29804.0,,,,,,,,,,,,,,,,,,,,,,,531950.0,5369.0,,250000.0,,,,-331395.0,,327136.0,,,,-4259.0,8130.0,,,,142500.0,8130.0,,,,,,,,,,,,,24322.0,,,86235.0,-29327028.0,,186025.0,,,,,6500000.0,,34000000.0,,,,,44100000.0,0.11,674000.0,,,,,,,,,,,,,526581.0,,,,,,,,,,,,,,-4259.0,,245952433.0,,,
2017-09-30,2017-11-13,10-Q,"PROTOKINETIX, INCORPORATED",PKTX,CIK0001128189,USD,19818.0,,,,,,30242806.0,,,,,750.0,637643.0,483865.0,386142.0,,,,,,,6500000.0,,0.0,,400000000.0,250352433.0,250352433.0,,1339.0,,,,,,,,,,,,97723.0,,,,,,0.0,,0.0,,,,,,,,,6750.0,160528.0,153778.0,,,,12500.0,,,,,,,,,,,,,,,,,,,,,,,637643.0,19818.0,,,,,,-299292.0,,299192.0,,,,-100.0,0.0,,,,97723.0,97723.0,,,,,,,,,,,,,42549.0,,,72857.0,-29626320.0,,170536.0,,,,,6500000.0,,38050000.0,,,,,55100000.0,0.11,392000.0,,,,,,,,,,,,,617825.0,,,,,,,,,,,,,,-100.0,,247148085.0,,,
2017-12-31,2018-03-09,10-K,"PROTOKINETIX, INCORPORATED",PKTX,CIK0001128189,USD,26906.0,,,,,,30506094.0,3000.0,,481644.0,,3000.0,518097.0,365069.0,302942.0,,,-68087.0,,,,6500000.0,,0.0,,400000000.0,251352433.0,251352433.0,,1344.0,,,,117656.0,,,9500000.0,,,,,61077.0,61077.0,,,,,0.0,,-0.01,,0.34,,,,0.0,1.25,0.016,7500.0,160528.0,153028.0,,,,105264.0,,,,,0.0,,,27800000.0,,,-14758.0,,0.0,,1656.0,-8257.0,1657.0,,0.0,,,144562.0,518097.0,144562.0,,0.0,480000.0,57022.0,-605109.0,-1513634.0,,1513634.0,,,,,1050.0,58978.0,,55347.0,62127.0,61077.0,,,590000.0,,,,,,,,,,196828.0,,72000.0,296515.0,-30133903.0,,910370.0,0.0,1.25,0.0112,,6500000.0,0.0,32600000.0,,,28200000.0,0.05,44100000.0,0.06,272000.0,,,,0.05,,0.05,,,,,,,373595.0,,,,0.0,,,,,0.0,,,,,,,246598460.0,,,
2018-03-31,2018-04-26,10-Q,"PROTOKINETIX, INCORPORATED",PKTX,CIK0001128189,USD,7731.0,,,,,,30837384.0,750.0,,99014.0,,750.0,406003.0,250822.0,192147.0,,,-110795.0,,,,6500000.0,,0.0,,400000000.0,254711673.0,254711673.0,,1362.0,,,,0.0,,,,,,,,54535.0,,,,,,0.0,,0.0,,,,,,,,,8250.0,163431.0,155181.0,,,,17437.0,,,,,0.0,,,,,,-19175.0,,,306.0,,-3452.0,,,0.0,,,,406003.0,7731.0,,0.0,50000.0,-2903.0,-157892.0,-306571.0,,305288.0,,,,,4140.0,2903.0,,2903.0,58675.0,24430.0,,,50000.0,,,,,,,,,,39139.0,,15000.0,84616.0,-30440474.0,,163346.0,,,,,6500000.0,,34550000.0,,,,0.05,43900000.0,0.11,223000.0,,,,,,,,,,,,,398272.0,,,,0.0,,,,,0.0,,50000.0,,,-1283.0,,254263774.0,,,
2018-06-30,2018-07-24,10-Q,"PROTOKINETIX, INCORPORATED",PKTX,CIK0001128189,USD,5420.0,,,,,,31216009.0,,,,,750.0,438003.0,276897.0,214408.0,,,,,,,6500000.0,,0.0,,400000000.0,257952433.0,257952433.0,,1379.0,,,,0.0,,,,,,,,61439.0,,,,,,0.0,,0.0,,,,,,,,,9000.0,170106.0,161106.0,,,,25600.0,,,,,,,,,,,,,,,,,,,,,,,438003.0,5420.0,,0.0,,,,-344331.0,,342544.0,,,,,1050.0,,,,62489.0,41369.0,,,,,,,,,,,,,29134.0,,,70456.0,-30784805.0,,216604.0,,,,,6500000.0,,37650000.0,,,,,43300000.0,,1758000.0,,,,,,,,,,,,,432583.0,,,,,,,,,,,162038.0,,,-1787.0,,254909923.0,,,
2018-09-30,2018-10-26,10-Q,"PROTOKINETIX, INCORPORATED",PKTX,CIK0001128189,USD,5020.0,,,,,,31450486.0,,,,,750.0,300305.0,121581.0,110497.0,,,,,,,6500000.0,,0.0,,400000000.0,257952433.0,257952433.0,,1379.0,,,,0.0,,,,,,,,10034.0,,,,,,0.0,,0.0,,,,,,,,,750.0,188474.0,178724.0,,,,13723.0,,,,,,,,,,,,,,,,,,,,,,,300305.0,5020.0,,0.0,,,,-371775.0,,371773.0,,,,,1050.0,,,,11084.0,0.0,,,,,,,,,,,,,30001.0,-371775.0,,92823.0,-31156580.0,,234476.0,,,,,6500000.0,,40850000.0,,,,,43900000.0,,2209000.0,,,,,,,,,,,,,295285.0,,,,,,,,,,,,234477.0,,-2.0,,257952433.0,,,
2018-12-31,2019-03-12,10-K,"PROTOKINETIX, INCORPORATED",PKTX,CIK0001128189,USD,78885.0,,,,,,31594822.0,3000.0,,310962.0,,3000.0,324850.0,137079.0,136029.0,,,-166913.0,,,,6000000.0,,0.0,,400000000.0,259785766.0,259785766.0,,1389.0,,,,0.0,,,6000000.0,6000000.0,0.0,,6000000.0,0.0,0.0,,1050.0,,,0.0,0.0,0.0,,0.21,,,,,,,10500.0,198271.0,187771.0,,,,78074.0,,,,0.0,0.0,-3500000.0,136000.0,28360000.0,-13000.0,255000.0,49694.0,,,,306.0,-61077.0,306.0,,0.0,,,78885.0,324850.0,78885.0,,,322038.0,-35458.0,-453493.0,-1216343.0,,1216343.0,,,,,1050.0,35458.0,,37743.0,1050.0,0.0,,,322038.0,,,,,,,,,,149123.0,,60000.0,337067.0,-31350246.0,,648773.0,0.0,1.25,0.015,,6000000.0,0.0,41150000.0,,,16400000.0,0.07,58600000.0,0.07,572000.0,,,,0.09,,0.05,,,,,,,245965.0,,,,,,,,,,,,,,,,256217173.0,,,
2019-03-31,2019-05-07,10-Q,"PROTOKINETIX, INCORPORATED",PKTX,CIK0001128189,USD,70652.0,,,,,,31895416.0,750.0,,167589.0,,750.0,234765.0,45852.0,24108.0,,,-111921.0,,,,,,0.0,,400000000.0,260535766.0,260535766.0,,1393.0,,,,,,,,,,,,20694.0,,,,,,0.0,0.0,0.0,,,,,,,,,11250.0,200163.0,188913.0,,,,33930.0,,,,,0.0,,,,,,-8233.0,,,0.0,,20694.0,,,0.0,0.0,,,234765.0,70652.0,,,45000.0,-1892.0,-155029.0,-382450.0,,382432.0,,,,,1050.0,1892.0,,1892.0,21744.0,20694.0,,,45000.0,,,,,,,,,,28682.0,-382450.0,15000.0,63472.0,-31732696.0,,255598.0,,,,,8500000.0,,45050000.0,,,,,58600000.0,,796000.0,,,,,,,,,,,,,164113.0,,,,,,,,,,,45000.0,255598.0,,-18.0,,260280210.0,,,
2019-06-30,2019-07-26,10-Q,"PROTOKINETIX, INCORPORATED",PKTX,CIK0001128189,USD,5420.0,,,,,,33237168.0,,,,,750.0,742097.0,549408.0,503786.0,,,,,,,,,0.0,,400000000.0,272802433.0,272802433.0,,1454.0,,,,,,,,,,,,44572.0,,,,,,0.0,0.0,0.0,,,,,,,,,12000.0,204689.0,192689.0,,,,91403.0,,,,,,,,,,,,,,,,,,,,,,,742097.0,5420.0,,,,,,-769249.0,,769251.0,,,,,1050.0,,,,45622.0,0.0,,,,,,,,,,,,,32601.0,-769249.0,,74684.0,-32501945.0,,569813.0,,,,,6000000.0,,49750000.0,,,,,60200000.0,,8488000.0,,,,,,,,,,,,,736677.0,,,,,,,,,,,772000.0,569813.0,,2.0,,268477891.0,,,
2019-09-30,2019-10-28,10-Q,"PROTOKINETIX, INCORPORATED",PKTX,CIK0001128189,USD,5421.0,,,,,,33579381.0,,,,,750.0,492388.0,300449.0,289859.0,,,,,,,,,0.0,,400000000.0,272900259.0,272900259.0,,1459.0,,,,,,,,,,,,9540.0,,,,,,0.0,0.0,0.0,,,,,,,,,12750.0,204689.0,191939.0,,,,76905.0,,,,,,,,,,,,,,,,,,,,,,,492388.0,5421.0,,,,,,-591928.0,,591838.0,,,,,1050.0,,,,10590.0,0.0,,,,,,,,,,,,,31032.0,-591928.0,,140933.0,-33093873.0,,342218.0,,,,,6000000.0,,38200000.0,,,,,76450000.0,,1386500.0,,,,,,,,,,,,,486967.0,,,,,,,,,,,,342218.0,,-90.0,,272816256.0,,,
2019-12-31,2020-02-19,10-K,"PROTOKINETIX, INCORPORATED",PKTX,CIK0001128189,USD,25520.0,,,,,,36107058.0,3000.0,,1704723.0,,3000.0,585907.0,378399.0,377349.0,377350.0,,241320.0,,,,8500000.0,,0.0,,400000000.0,275400259.0,275400259.0,,1472.0,,,,,,,6100000.0,6100000.0,0.0,,6100000.0,,,,1050.0,,,0.0,0.0,-0.02,,0.21,,,,,,,13500.0,221008.0,207508.0,,,,280438.0,,,,0.0,0.0,100000.0,713000.0,29000000.0,69000.0,882000.0,-51080.0,,,,0.0,0.0,0.0,,0.0,,,25520.0,585907.0,0.0,,,1117000.0,-25022.0,-850658.0,-4197897.0,,4197897.0,,,,,,25022.0,,22737.0,1050.0,0.0,,,1117000.0,,,,,,,,,,149619.0,,60000.0,369520.0,-35548143.0,,3395319.0,0.0,1.4021,0.0242,,8500000.0,0.0,50200000.0,,16000000.0,49100000.0,,91450000.0,0.14,1005350.0,,0.07,0.07,0.21,,,,,,,,,560387.0,,,,,,,250000.0,,,,,,,,,268984776.0,,,
2020-03-31,2020-04-27,10-Q,"PROTOKINETIX, INCORPORATED",PKTX,CIK0001128189,USD,28869.0,,,,,,38962042.0,750.0,,1542550.0,235703.0,750.0,274975.0,48939.0,47889.0,,,-329460.0,-329460.0,,,,,0.0,,400000000.0,275400259.0,275400259.0,,1472.0,,,,,,,,,,,,,,,1050.0,,,0.0,0.0,-0.01,,,,,,,,,14250.0,240286.0,226036.0,,,,57029.0,,,,,0.0,,,,,,-4269.0,,,,,0.0,,,,0.0,,,274975.0,28869.0,,,0.0,-11660.0,-317800.0,-3169265.0,,3169265.0,,,,,,11660.0,,19278.0,1050.0,,,,0.0,,,,,,,,,,36990.0,-3169265.0,15000.0,219512.0,-38717408.0,,2854984.0,0.0,1.444,0.0081,,6000000.0,,59700000.0,,,,,,,2330750.0,,,,,,,,,,,,,246106.0,,,,,,,,,,,,2854984.0,,0.0,,275400259.0,,,
2020-06-30,2020-07-10,10-Q,"PROTOKINETIX, INCORPORATED",PKTX,CIK0001128189,USD,30000.0,,,,,,41179346.0,,,,,750.0,287495.0,46359.0,45309.0,,,,,,,8500000.0,,0.0,,400000000.0,277622481.0,277622481.0,,1484.0,,,,,,,,,,,,,,,1050.0,,,0.0,0.0,0.0,,,,,,,,,15000.0,256136.0,241136.0,,,,70991.0,,,,,,,,,,,,,,,,,,,,,,,287495.0,30000.0,,,,,,-2205927.0,,2205927.0,,,,,,,,,1050.0,,,,,,,,,,,,,,40059.0,-2205927.0,,76811.0,-40923335.0,,2017316.0,,,,,8500000.0,,70775000.0,,,,,83100000.0,,276500.0,,,,,,,,,,,,,257495.0,,,,,,,,,,,200000.0,2017316.0,,0.0,,276557768.0,,,
2020-09-30,2020-10-16,10-Q,"PROTOKINETIX, INCORPORATED",PKTX,CIK0001128189,USD,5000.0,,,,,,42900764.0,,,,,750.0,296451.0,45813.0,44763.0,44763.0,,,,,,8500000.0,,0.0,,400000000.0,281596071.0,281596071.0,,1506.0,,,,,,,,,,,,,,,1050.0,,,0.0,0.0,0.0,,,,,,,,,15750.0,266388.0,250638.0,,,,46460.0,,,,,,,,,,,,,,,,,,,,,,,296451.0,5000.0,,,,,,-1687484.0,,1687484.0,,,,,,,,,1050.0,,,,,,,,,,,,,,39063.0,-1687484.0,,142221.0,-42610819.0,,1458990.0,,,,,8500000.0,,79187500.0,,,,,83100000.0,,458165.0,,,,,,,,,,,,,291451.0,,,,,,,,,,,262450.0,1458990.0,,,,279648342.0,,,
2020-12-31,2021-03-05,10-K,"PROTOKINETIX, INCORPORATED",PKTX,CIK0001128189,USD,27000.0,,44959.0,,,27000.0,43615323.0,3000.0,,30400000.0,3474418.0,3000.0,469181.0,194495.0,193445.0,193445.0,,-183905.0,-183905.0,193445.0,,1359286.0,,5e-06,,500000000.0,285955071.0,285955071.0,,1531.0,,,,,,,6200000.0,6200000.0,0.0,,6200000.0,,,,1050.0,,,0.0,0.0,-0.03,,0.21,,,,,,,16500.0,291186.0,274686.0,,,,208967.0,,,,0.0,0.0,100000.0,1416000.0,29000000.0,89000.0,1605000.0,19439.0,,,,,,,,0.0,0.0,,44959.0,469181.0,44959.0,,,767581.0,-70178.0,-881308.0,-7644490.0,,7644490.0,,,,,,70178.0,,70178.0,1050.0,,,,767581.0,,,,,,,,,,164489.0,-7644490.0,60000.0,527291.0,-43192633.0,,6740743.0,0.0,1.4356,0.0255,,,85700000.0,82150000.0,,36000000.0,30400000.0,,82650000.0,0.15,393710.0,,,0.13,0.21,,,,,,,,,424221.0,,,,,,,,,,,767581.0,6740743.0,,,,278598615.0,0.0,0.0,
2021-03-31,2021-04-16,10-Q,"PROTOKINETIX, INCORPORATED",PKTX,CIK0001128189,USD,,,0.0,,,5000.0,43879582.0,750.0,,,235703.0,750.0,560425.0,251417.0,250367.0,,,,56922.0,,,13855429.0,,5e-06,,400000000.0,285955071.0,285955071.0,,1550.0,,,,,,,,,,,,,,,1050.0,,,0.0,,-0.01,,,,,,,,,17250.0,326258.0,309008.0,,,,41045.0,,,,,0.0,,,,,,-39960.0,,,,,,,,,0.0,,,560425.0,5000.0,,,247000.0,-35072.0,-155006.0,-133074.0,,133074.0,,,,,,35072.0,,35072.0,1050.0,,,,247000.0,,,,,,,,,,32688.0,-133074.0,15000.0,41313.0,-43325707.0,,17278.0,,,,11000000.0,,,,0.14,,,,,,5607750.0,,,,,,,,,,,,,555425.0,,,,,,,,,,,247000.0,17278.0,,,,281390520.0,,,
2021-06-30,2021-07-28,10-Q,"PROTOKINETIX, INCORPORATED",PKTX,CIK0001128189,USD,,,,,,5000.0,44128354.0,,,,,750.0,405475.0,85645.0,84595.0,,,,,84595.0,,11855429.0,,5e-06,,400000000.0,292039199.0,292039199.0,,1563.0,,,,,,,,,,,,,,,1050.0,,,0.0,,-0.01,,,,,,,,,18000.0,337830.0,319830.0,,,,206587.0,,,,,,,,,,,,,,,,,,,,,,,405475.0,5000.0,,,,,,-403735.0,,403735.0,,,,,,,,,1050.0,,,,,,,,,,,,,,29395.0,,,108218.0,-43729442.0,,58785.0,,,,,,,,0.14,,,,,,2107500.0,,,,,,,0.07,1000000.0,,,,,400475.0,,,,,,,,,,,,58785.0,,,,290414046.0,,,
2021-09-30,2021-11-12,10-Q,"PROTOKINETIX, INCORPORATED",PKTX,CIK0001128189,USD,,,,,,7000.0,45604978.0,,,,,750.0,485766.0,146349.0,,145299.0,,,,145299.0,,12295429.0,,5e-06,,400000000.0,294679199.0,294679199.0,,1577.0,,,,,,,,,,,,,,,1050.0,,,0.0,0.0,0.0,,,,,,,,,18750.0,358167.0,339417.0,,,,34346.0,,,,,,,,,,,,,,,,,,,,,,,485766.0,7000.0,,,,,,-1402018.0,,1402018.0,,,,,,,,,1050.0,,,,,,,,,,,,,,27397.0,-1402018.0,,100888.0,-45127789.0,,1238638.0,,,,,,,500000.0,0.14,,,,78390000.0,,2336700.0,,,,,,,0.11,,,,,,478766.0,,,,,,,,,,,168000.0,1238638.0,,,,293201373.0,,,
2021-12-31,2022-03-10,10-K,"PROTOKINETIX, INCORPORATED",PKTX,CIK0001128189,USD,,,93268.0,,,,45892545.0,3000.0,,78890000.0,722822.0,3000.0,446234.0,83563.0,,57568.0,,,-135877.0,57568.0,,,,5e-06,,,,297393485.0,,1591.0,,,,,,,6300000.0,6300000.0,0.0,,6300000.0,,,,1050.0,,,0.0,,0.0,,0.21,,,,,,,19500.0,382171.0,362671.0,,,,316995.0,,,,0.0,,0.0,300000.0,30000000.0,90000.0,490000.0,48309.0,,,,,,,,,0.0,,,446234.0,93268.0,,,845000.0,-90985.0,-889891.0,-2329310.0,,2329310.0,,,,,,90985.0,,90985.0,25995.0,,,,845000.0,,,,,,,,,,160388.0,-2329310.0,60000.0,435872.0,-45541170.0,,1413055.0,0.0,1.407,0.0176,,,,82745000.0,0.14,,,,84690000.0,,2107500.0,,,,,,,,,,,,,352966.0,,,,,555556.0,,,,,,570000.0,1413055.0,,,,291865922.0,0.0,24945.0,4795429.0
