end,filed,form,Name,Ticker,CIK,Currency,AccountsPayableCurrent,AccumulatedOtherComprehensiveIncomeLossNetOfTax,AdditionalPaidInCapital,AdjustmentForAmortization,AmortizationOfIntangibleAssets,Assets,AssetsCurrent,AssetsNoncurrent,CashAndCashEquivalentsAtCarryingValue,CashAndCashEquivalentsPeriodIncreaseDecrease,CashFDICInsuredAmount,CommonStockParOrStatedValuePerShare,CommonStockSharesAuthorized,CommonStockSharesIssued,CommonStockSharesOutstanding,CommonStockValue,CostOfGoodsAndServicesSold,CostOfRevenue,CurrentFederalTaxExpenseBenefit,DeferredTaxAssetsNet,Depreciation,DueToRelatedPartiesCurrent,EarningsPerShareBasicAndDiluted,FiniteLivedIntangibleAssetsNet,GeneralAndAdministrativeExpense,GrossProfit,IncomeLossFromContinuingOperationsBeforeIncomeTaxesDomestic,IncomeLossFromContinuingOperationsBeforeIncomeTaxesExtraordinaryItemsNoncontrollingInterest,IncomeTaxExpenseBenefit,IncomeTaxesPaid,IncomeTaxesPaidNet,IncomeTaxReconciliationIncomeTaxExpenseBenefitAtFederalStatutoryIncomeTaxRate,IncreaseDecreaseInAccountsPayable,InterestPaid,InterestPaidNet,Liabilities,LiabilitiesAndStockholdersEquity,LiabilitiesCurrent,LoansPayable,NetCashProvidedByUsedInFinancingActivities,NetCashProvidedByUsedInInvestingActivities,NetCashProvidedByUsedInOperatingActivities,NetIncomeLoss,NetIncomeLossIncludingPortionAttributableToNonredeemableNoncontrollingInterest,NonoperatingIncomeExpense,OperatingCostsAndExpenses,OperatingExpenses,OperatingIncomeLoss,OperatingLossCarryforwards,OperatingLossCarryforwardsValuationAllowance,OtherShortTermBorrowings,PaymentsToAcquirePropertyPlantAndEquipment,ProceedsFromIssuanceOfCommonStock,ProceedsFromIssuanceOrSaleOfEquity,ProceedsFromRelatedPartyDebt,ProfitLoss,PropertyPlantAndEquipmentNet,RetainedEarningsAccumulatedDeficit,Revenues,SaleOfStockPricePerShare,ShareBasedCompensation,SharesIssuedPricePerShare,StockholdersEquity,StockholdersEquityIncludingPortionAttributableToNoncontrollingInterest,StockIssued1,StockIssuedDuringPeriodSharesNewIssues,StockIssuedDuringPeriodSharesOther,StockIssuedDuringPeriodValueNewIssues,StockIssuedDuringPeriodValueOther,ValuationAllowancesAndReservesAdjustments,WeightedAverageNumberOfShareOutstandingBasicAndDiluted
2020-02-29,2020-04-09,10-Q,AZAR INTERNATIONAL CORP.,AZIC,CIK0001787123,USD,,-2881.0,,,,7916.0,3357.0,4559.0,3357.0,,,0.001,75000000.0,3000000.0,3000000.0,3000.0,1400.0,1400.0,,,,,0.0,4267.0,2027.0,,573.0,573.0,,,,,,,,7797.0,7916.0,7797.0,,,,,573.0,573.0,,3427.0,3427.0,,,,7797.0,,,,,,292.0,,4000.0,,,,119.0,119.0,,,,,,,3000000.0
2020-05-31,2020-07-15,10-Q,AZAR INTERNATIONAL CORP.,AZIC,CIK0001787123,USD,,,,,,6287.0,2156.0,4131.0,2156.0,,,0.001,75000000.0,3000000.0,3000000.0,3000.0,0.0,,,,,,0.0,3867.0,1629.0,,-1629.0,,,,,,,,,7797.0,6287.0,7797.0,,,,,-1629.0,,,1629.0,1629.0,,,,7797.0,,,,,,264.0,-4510.0,0.0,,,,-1510.0,,,,,,,,3000000.0
2020-08-31,2020-10-06,10-K,AZAR INTERNATIONAL CORP.,AZIC,CIK0001787123,USD,0.0,,25955.0,1333.0,1333.0,31337.0,27634.0,3703.0,27634.0,22634.0,250000.0,0.001,75000000.0,3895000.0,3895000.0,3895.0,1400.0,1400.0,-1325.0,0.0,103.0,7797.0,0.0,3467.0,7932.0,2600.0,-5332.0,,0.0,0.0,0.0,0.0,0.0,0.0,0.0,7797.0,31337.0,7797.0,7797.0,31669.0,-5139.0,-3896.0,-5332.0,,-7932.0,,-9332.0,6310.0,1325.0,1325.0,7797.0,5139.0,26850.0,56700.0,4819.0,,236.0,-6310.0,4000.0,0.03,,0.03,23540.0,,,895000.0,895000.0,26850.0,,1325.0,3052532.0
2020-11-30,2020-12-31,10-Q,AZAR INTERNATIONAL CORP.,AZIC,CIK0001787123,USD,,-10851.0,25955.0,400.0,400.0,26796.0,23521.0,3275.0,23521.0,-4113.0,250000.0,0.001,75000000.0,3895000.0,3895000.0,3895.0,0.0,0.0,,,28.0,,0.0,3067.0,4541.0,,-4541.0,0.0,,,0.0,,0.0,0.0,0.0,7797.0,26796.0,7797.0,7797.0,0.0,0.0,-4113.0,-4541.0,,,,4541.0,,,,7797.0,0.0,0.0,,0.0,,208.0,-10851.0,0.0,,,,-18999.0,,,,,,,,3895000.0
2021-02-28,2021-04-08,10-Q,AZAR INTERNATIONAL CORP.,AZIC,CIK0001787123,USD,10000.0,,25955.0,,,15027.0,12180.0,2847.0,12180.0,,250000.0,0.001,75000000.0,3859000.0,3859000.0,3895.0,0.0,,,,,,0.0,2667.0,23769.0,,-23769.0,,,,,,,,,19797.0,15027.0,19797.0,,,,,-23769.0,,,-23769.0,,,,,9797.0,,,,,,180.0,-34620.0,0.0,,,,-4770.0,,,,,,,,3895000.0
2021-05-31,2021-07-09,10-Q,AZAR INTERNATIONAL CORP.,AZIC,CIK0001787123,USD,10000.0,,25955.0,,,15037.0,12618.0,2419.0,12618.0,,250000.0,0.001,75000000.0,3895000.0,3895000.0,3895.0,0.0,,,,,11597.0,0.0,2267.0,1790.0,,-1790.0,,,,,,,,,21597.0,15037.0,21597.0,,,,,-1790.0,,,1790.0,,,,,,,,,,,152.0,-36410.0,0.0,,,,-6560.0,,,,,,,,3895000.0
2021-08-31,2021-11-22,10-K,AZAR INTERNATIONAL CORP.,AZIC,CIK0001787123,USD,1525.0,,25955.0,1600.0,1600.0,7159.0,5169.0,1990.0,5169.0,-22465.0,250000.0,0.001,75000000.0,3895000.0,3895000.0,3895.0,,1400.0,-6195.0,0.0,113.0,11597.0,0.0,1867.0,32103.0,2600.0,-29503.0,,,,0.0,0.0,1525.0,,0.0,13122.0,7159.0,13122.0,,3800.0,0.0,-26265.0,-29503.0,,-32103.0,,,29503.0,6195.0,6195.0,,0.0,0.0,,3800.0,,123.0,-35813.0,4000.0,,,,-5963.0,,,,,,,6195.0,3895000.0
2021-11-30,2021-12-13,10-Q,AZAR INTERNATIONAL CORP.,AZIC,CIK0001787123,USD,500.0,,25955.0,400.0,400.0,2722.0,1160.0,1562.0,1160.0,-4009.0,250000.0,0.001,75000000.0,3895000.0,3895000.0,3895.0,,0.0,,,28.0,12397.0,0.0,1467.0,4212.0,,-4212.0,,,,0.0,,-1025.0,,0.0,12897.0,2722.0,12897.0,,800.0,,-4809.0,-4212.0,,,,4212.0,,,,,,0.0,,800.0,,95.0,-40025.0,0.0,,,,-10175.0,,,,,,,,3895000.0
