end,filed,form,Name,Ticker,CIK,Currency,AccountsPayableAndAccruedLiabilitiesCurrentAndNoncurrent,AccountsPayableCurrent,AccountsPayableRelatedPartiesCurrent,AccumulatedDepreciationDepletionAndAmortizationPropertyPlantAndEquipment,AdditionalPaidInCapital,AdjustmentsToAdditionalPaidInCapitalEquityComponentOfConvertibleDebt,AdjustmentsToAdditionalPaidInCapitalSharebasedCompensationAndExerciseOfStockOptions,AmortizationOfDebtDiscountPremium,AmortizationOfIntangibleAssets,AssetImpairmentCharges,Assets,AssetsCurrent,BusinessAcquisitionPercentageOfVotingInterestsAcquired,CapitalizedContractCostAccumulatedAmortization,CashAndCashEquivalentsAtCarryingValue,CashAndCashEquivalentsPeriodIncreaseDecrease,CommitmentsAndContingencies,CommonStockParOrStatedValuePerShare,CommonStockSharesAuthorized,CommonStockSharesIssued,CommonStockSharesOutstanding,CommonStockSharesSubscribedButUnissued,CommonStockSharesSubscriptions,CommonStockValue,ContractWithCustomerLiabilityCurrent,ConvertibleDebtNoncurrent,ConvertibleNotesPayable,ConvertibleNotesPayableCurrent,CostOfGoodsAndServicesSold,DebtConversionConvertedInstrumentAmount1,DebtConversionConvertedInstrumentSharesIssued1,DebtConversionOriginalDebtAmount1,DebtorReorganizationItemsWriteOffOfDeferredFinancingCostsAndDebtDiscounts,DeferredTaxAssetsCapitalLossCarryforwards,DeferredTaxAssetsGross,DeferredTaxAssetsNet,DeferredTaxAssetsOperatingLossCarryforwards,DeferredTaxAssetsValuationAllowance,Depreciation,DerivativeFairValueOfDerivativeLiability,DerivativeLiabilitiesCurrent,DueFromRelatedParties,DueToRelatedPartiesCurrent,EarningsPerShareBasic,EarningsPerShareBasicAndDiluted,EffectiveIncomeTaxRateReconciliationAtFederalStatutoryIncomeTaxRate,EffectiveIncomeTaxRateReconciliationChangeInDeferredTaxAssetsValuationAllowance,EmployeeServiceShareBasedCompensationCashFlowEffectCashUsedToSettleAwards,ExtinguishmentOfDebtAmount,FairValueMeasurementWithUnobservableInputsReconciliationRecurringBasisAssetSales,GainLossOnSaleOfOtherInvestments,GainsLossesOnSalesOfAssets,GeneralAndAdministrativeExpense,GoodwillAndIntangibleAssetImpairment,GoodwillImpairmentLoss,GrossProfit,ImpairmentOfIntangibleAssetsExcludingGoodwill,IncomeLossFromContinuingOperationsBeforeIncomeTaxesExtraordinaryItemsNoncontrollingInterest,IncomeTaxExpenseBenefit,IncomeTaxesPaidNet,IncreaseDecreaseInAccountsPayable,IncreaseDecreaseInAccountsPayableAndAccruedLiabilities,IncreaseDecreaseInAccountsPayableRelatedParties,IncreaseDecreaseInContractWithCustomerLiability,IncreaseDecreaseInDerivativeLiabilities,IncreaseDecreaseInDueToRelatedParties,IncreaseDecreaseInIntangibleAssetsCurrent,IncreaseDecreaseInInterestPayableNet,IncreaseDecreaseInInventories,IncreaseDecreaseInOtherAccountsPayable,IncreaseDecreaseInOtherOperatingCapitalNet,IncreaseDecreaseInOtherOperatingLiabilities,IncreaseDecreaseInPrepaidExpense,IncreaseDecreaseInPrepaidInsurance,IndefiniteLivedIntangibleAssetsExcludingGoodwill,IntangibleAssetsNetExcludingGoodwill,InterestExpense,InterestPaid,InterestPayableCurrent,InventoryNet,Liabilities,LiabilitiesAndStockholdersEquity,LiabilitiesCurrent,MachineryAndEquipmentGross,NetCashProvidedByUsedInFinancingActivities,NetCashProvidedByUsedInInvestingActivities,NetCashProvidedByUsedInOperatingActivities,NetCashProvidedByUsedInOperatingActivitiesContinuingOperations,NetIncomeLoss,NoncashOrPartNoncashAcquisitionPayablesAssumed1,NonoperatingIncomeExpense,NotesPayableCurrent,NotesPayableRelatedPartiesClassifiedCurrent,NotesPayableRelatedPartiesCurrentAndNoncurrent,OperatingCostsAndExpenses,OperatingExpenses,OperatingIncomeLoss,OperatingLossCarryforwards,OtherNoncashExpense,PaymentsForPurchaseOfOtherAssets1,PaymentsToAcquireIntangibleAssets,PaymentsToAcquireMachineryAndEquipment,PaymentsToAcquirePropertyPlantAndEquipment,PreferredStockParOrStatedValuePerShare,PreferredStockSharesAuthorized,PreferredStockSharesIssued,PreferredStockSharesOutstanding,PreferredStockValue,PrepaidExpenseCurrent,PrepaidInsurance,ProceedsFromConvertibleDebt,ProceedsFromIssuanceOfCommonStock,ProceedsFromIssuanceOfDebt,ProceedsFromIssuanceOrSaleOfEquity,ProceedsFromRelatedPartyDebt,PropertyPlantAndEquipmentGross,PropertyPlantAndEquipmentNet,PropertyPlantAndEquipmentOwnedAccumulatedDepreciation,RepaymentsOfConvertibleDebt,RetainedEarningsAccumulatedDeficit,Revenues,ShareBasedCompensation,ShareBasedCompensationArrangementByShareBasedPaymentAwardNumberOfSharesAuthorized,StockholdersEquity,StockholdersEquityIncludingPortionAttributableToNoncontrollingInterest,StockIssued1,StockIssuedDuringPeriodSharesAcquisitions,StockIssuedDuringPeriodSharesIssuedForServices,StockIssuedDuringPeriodSharesNewIssues,StockIssuedDuringPeriodSharesOther,StockIssuedDuringPeriodValueIssuedForServices,StockIssuedDuringPeriodValueNewIssues,StockIssuedDuringPeriodValueOther,StockIssuedDuringPeriodValuePurchaseOfAssets,StockIssuedDuringPeriodValueShareBasedCompensation,StockRepurchasedDuringPeriodValue,TreasuryStockValue,WeightedAverageNumberOfShareOutstandingBasicAndDiluted,WeightedAverageNumberOfSharesIssuedBasic,WeightedAverageNumberOfSharesOutstandingBasic,AmortizationOfLeasedAsset,EffectiveIncomeTaxRateContinuingOperations,IncreaseDecreaseInOperatingLeaseLiability,NoncashOrPartNoncashAcquisitionOtherLiabilitiesAssumed1,NoncashOrPartNoncashAcquisitionValueOfLiabilitiesAssumed1,OperatingLeaseLiability,OperatingLeaseLiabilityCurrent,OperatingLeaseLiabilityNoncurrent,OperatingLeaseRightOfUseAsset,OperatingLeaseRightOfUseAssetAmortizationExpense,OperatingLeasesFutureMinimumPaymentsDueCurrent,OperatingLeasesFutureMinimumPaymentsDueInFiveYears,OperatingLeasesFutureMinimumPaymentsDueInFourYears,OperatingLeasesFutureMinimumPaymentsDueInThreeYears,OperatingLeasesFutureMinimumPaymentsDueInTwoYears,StockIssuedDuringPeriodValueAcquisitions
2014-03-31,2014-07-15,10-K,"Rapid Therapeutic Science Laboratories, Inc.",RTSL,CIK0001575659,USD,,,,,,,,,,,,,,,18557.0,,,,,,,,,,,,,,,,,,,,,,,,,,,,,,,,,,,,,,,,,,,,,,,,,,,,,,,,,,,,,,,,,,,,,,,,,,,,,,,,,,,,,,,,,,,,,,,,,,,,,,,,,,,,,,,,,,,,,,,,,,,,,,,,,,,,,,,,,,,,,
2014-12-31,2015-02-12,10-Q,"Rapid Therapeutic Science Laboratories, Inc.",RTSL,CIK0001575659,USD,,,,,,,,,,,,,,,11481.0,,,,,,,,,,,,,,,,,,,,,,,,,,,,,0.0,,,,,,,,,1500.0,,,,,,,,,,,,,,,,,,,,,,,,,,,,,,,,,,,,-1500.0,,,,,,,1500.0,-1500.0,,,,,,,,,,,,,,,,,,,,,,,,,,,,,,,,,,,,,,,,,,2710000.0,,,,,,,,,,,,,,,,,
2015-03-31,2015-07-14,10-K,"Rapid Therapeutic Science Laboratories, Inc.",RTSL,CIK0001575659,USD,,,,,49465.0,,,,,,10731.0,10731.0,,,9981.0,-8576.0,,0.001,200000000.0,2710000.0,2710000.0,,,2710.0,,,,,,,,,,,4306.0,,4306.0,-4306.0,,,,,,0.0,,,,,,,,,12303.0,,,,,,,,,,,,,,,,,,,,3727.0,,,,,,,,,10731.0,,,,,-8576.0,,-12303.0,,,,,,,12303.0,-12303.0,,,,,,,,,,,,750.0,,,,,,,,,,,-41444.0,,,,10731.0,,,,,,,,,,,,,,,2710000.0,,,,,,,,,,,,,,,,,
2015-06-30,2015-08-18,10-Q,"Rapid Therapeutic Science Laboratories, Inc.",RTSL,CIK0001575659,USD,,,,,,,,,,,,,,,7831.0,-2150.0,,,,,,,,,,,,,,,,,,,,,,,,,,,,0.0,,,,,,,,,3573.0,,,,,,,,1423.0,,,,,,,,,,,,,,,,,,,,,,,,,,-2150.0,,-3573.0,,,,,,,3573.0,-3573.0,,,,,,,,,,,,,,,,,,,,,,,,,,,,,,,,,,,,,,,,,,2710000.0,,,,,,,,,,,,,,,,,
2015-09-30,2015-11-20,10-Q,"Rapid Therapeutic Science Laboratories, Inc.",RTSL,CIK0001575659,USD,,,,,,,,,,,,,,,4813.0,,,,,,,,,,,,,,,,,,,,,,,,,,,,,0.0,,,,,,,,,1595.0,,,,,,,,,,,,,,,,,,,,,,,,,,,,,,,,,,,,-1595.0,,,,,,,1595.0,-1595.0,,,,,,,,,,,,,,,,,,,,,,,,,,,,,,,,,,,,,,,,,,2710000.0,,,,,,,,,,,,,,,,,
2015-12-31,2016-02-04,10-Q,"Rapid Therapeutic Science Laboratories, Inc.",RTSL,CIK0001575659,USD,,,,,49465.0,,,,,,2263.0,2263.0,,,1513.0,,,0.001,200000000.0,2710000.0,2710000.0,,,2710.0,,,,,,,,,,,,,,,,,,,,0.0,,,,,,,,,3300.0,,,,,,,,,,,,,,,,,,,,,,,,,,,,,2263.0,,,,,,,-3300.0,,,,,,,3300.0,-3300.0,,,,,,,,,,,,750.0,,,,,,,,,,,-49912.0,,,,2263.0,,,,,,,,,,,,,,,2710000.0,,,,,,,,,,,,,,,,,
2016-03-31,2016-06-17,10-K,"Rapid Therapeutic Science Laboratories, Inc.",RTSL,CIK0001575659,USD,,1277.0,,,49465.0,,,,,,9988.0,9988.0,,,9238.0,-743.0,,0.001,200000000.0,2710000.0,2710000.0,,,2710.0,,,,,,,,,,,4207.0,,4207.0,-4207.0,,,,10000.0,10000.0,0.0,,-0.35,0.35,,,,,,12020.0,,,,,,,,1277.0,,,,,,,,,,,,,,,,,,,,11277.0,9988.0,11277.0,,10000.0,,-10743.0,,-12020.0,,,,,,,12020.0,-12020.0,53464.0,,,,,,,,,,,750.0,,,,,,10000.0,,,,,-53464.0,,,,-1289.0,-1289.0,,,,,,,,,,,,,,2710000.0,,,,,,,,,,,,,,,,,
2016-06-30,2016-08-15,10-Q,"Rapid Therapeutic Science Laboratories, Inc.",RTSL,CIK0001575659,USD,,750.0,,,49465.0,,,,,,2780.0,2780.0,,,2030.0,-7208.0,,0.001,200000000.0,2710000.0,2710000.0,,,2710.0,,,,,,,,,,,,,,,,,,,10000.0,0.0,,,,,,,,,6681.0,,,,,,,,-527.0,,,,,,,,,,,,,,,,,,,,10750.0,2780.0,10750.0,,,,-7208.0,,-6681.0,,,,,,,6681.0,-6681.0,,,,,,,,,,,,750.0,,,,,,,,,,,-60145.0,,,,-7970.0,,,,,,,,,,,,,,,2710000.0,,,,,,,,,,,,,,,,,
2016-09-30,2016-10-13,10-Q,"Rapid Therapeutic Science Laboratories, Inc.",RTSL,CIK0001575659,USD,,2500.0,,,49465.0,,,,,,11165.0,11165.0,,,10415.0,,,0.001,200000000.0,2710000.0,2710000.0,,,2710.0,,,,,,,,,,,,,,,,,,,20000.0,0.0,,,,,,,,,3365.0,,,,,,,,,,,,,,,,,,,,,,,,,,,,22500.0,11165.0,22500.0,,,,,,-3365.0,,,,,,,3365.0,-3365.0,,,,,,,,,,,,750.0,,,,,,,,,,,-63510.0,,,,-11335.0,,,,,,,,,,,,,,,2710000.0,,,,,,,,,,,,,,,,,
2016-12-31,2017-02-01,10-Q,"Rapid Therapeutic Science Laboratories, Inc.",RTSL,CIK0001575659,USD,,750.0,,,49465.0,,,,,,6615.0,6615.0,,,5865.0,,,0.001,200000000.0,2710000.0,2710000.0,,,2710.0,,,,,,,,,,,,,,,,,,,20000.0,0.0,,,,,,,,,2800.0,,,,,,,,,,,,,,,,,,,,,,,,,,,,20750.0,6615.0,20750.0,,,,,,-2800.0,,,,,,,2800.0,-2800.0,,,,,,,,,,,,750.0,,,,,,,,,,,-66310.0,,,,-14135.0,,,,,,,,,,,,,,,2710000.0,,,,,,,,,,,,,,,,,
2017-03-31,2017-07-14,10-K,"Rapid Therapeutic Science Laboratories, Inc.",RTSL,CIK0001575659,USD,,300.0,,0.0,49465.0,,,,,0.0,7395.0,7395.0,,,7395.0,-1843.0,,0.001,200000000.0,2710000.0,2710000.0,,,2710.0,,0.0,,,,,,,,7566.0,7566.0,0.0,7566.0,-7566.0,0.0,,,30000.0,0.0,-0.01,-0.01,-0.35,0.35,,,,,,21616.0,0.0,0.0,,0.0,,,0.0,-977.0,,,,,0.0,0.0,0.0,,,,,750.0,-750.0,0.0,0.0,0.0,0.0,0.0,,30300.0,7395.0,30300.0,0.0,20000.0,0.0,-21843.0,-21843.0,-21616.0,,0.0,,30000.0,,21616.0,21616.0,-21616.0,21616.0,,,,0.0,,,,,,,,0.0,,0.0,,,20000.0,,0.0,,,-75080.0,0.0,0.0,,-22905.0,-22905.0,0.0,,,,,,,,,,,0.0,,2710000.0,2710000.0,,,,,,,,,,,,,,,,
2017-06-30,2017-08-10,10-Q,"Rapid Therapeutic Science Laboratories, Inc.",RTSL,CIK0001575659,USD,,2123.0,,,49465.0,,,,,,1000.0,1000.0,,,1000.0,-6395.0,,0.001,200000000.0,2710000.0,2710000.0,,,2710.0,,,,,,,,,,,,,,,,,,,30000.0,0.0,0.0,,,,,,,,8218.0,,,,,,,0.0,1823.0,,,,,,,,,,0.0,,,,,,0.0,0.0,,,32123.0,1000.0,32123.0,,0.0,,-6395.0,-6395.0,-8218.0,,0.0,,,,8218.0,8218.0,-8218.0,,,,,,,,,,,,,,,,,,0.0,,,,,-83298.0,0.0,0.0,,-31123.0,,,,,,,,,,,,,,,2710000.0,2710000.0,,,,,,,,,,,,,,,,
2017-09-30,2017-11-07,10-Q,"Rapid Therapeutic Science Laboratories, Inc.",RTSL,CIK0001575659,USD,,300.0,,,49465.0,,,,,,1081.0,1081.0,,,1081.0,,,0.001,200000000.0,2710000.0,2710000.0,,,2710.0,,,,,,,,,,,,,,,,,,,35000.0,0.0,0.0,,,,,,,,3096.0,,,,,,,,,,,,,,,,,,,,,,,,0.0,,,,35300.0,1081.0,35300.0,,,,,,-3096.0,,0.0,,,,3096.0,3096.0,-3096.0,,,,,,,,,,,,,,,,,,,,,,,-86394.0,0.0,,,-34219.0,,,,,,,,,,,,,,,2710000.0,2710000.0,,,,,,,,,,,,,,,,
2017-12-31,2018-01-29,10-Q,"Rapid Therapeutic Science Laboratories, Inc.",RTSL,CIK0001575659,USD,,,,,94310.0,,,,,,5382.0,5382.0,,,5382.0,,,0.001,200000000.0,2865172.0,2865172.0,,,2865.0,,,,,,,,,,,,,,,,,,,,0.0,0.0,,,,,,,0.0,5399.0,,,,,,,,,,,,,,,,,,,,,,,,0.0,,,,,5382.0,,,,,,,-5399.0,,0.0,,,,5399.0,5399.0,-5399.0,,,,,,,,,,,,,,,,,,,,,,,-91793.0,0.0,,,5382.0,,,,,,,,,,,,,,,2733613.0,2733613.0,,,,,,,,,,,,,,,,
2018-03-31,2018-12-06,10-K,"Rapid Therapeutic Science Laboratories, Inc.",RTSL,CIK0001575659,USD,,11550.0,,186579.0,101477.0,,,,,170186.0,26242.0,22481.0,,,12297.0,4902.0,0.0,0.001,200000000.0,2710000.0,1204000.0,,,1204.0,,2200000.0,,,,,,,,72600.0,72600.0,0.0,,-72600.0,16393.0,,,,3400.0,,-1.04,-0.21,0.21,,,,,0.0,135682.0,170186.0,2200000.0,,2044.0,,,0.0,11250.0,,,,,3400.0,13945.0,28609.0,,,,,,10184.0,3761.0,3761.0,28609.0,0.0,28609.0,,2888894.0,26242.0,688894.0,186579.0,173376.0,-38620.0,,-129854.0,-2552914.0,,-2400839.0,,645335.0,2845335.0,152075.0,,,345747.0,,,,38620.0,,,,,,,,10184.0,,1000.0,,,172376.0,,0.0,,,-2627994.0,0.0,7167.0,1000000.0,-2862652.0,-2862652.0,45000.0,,,,,1000.0,,45000.0,,,-340000.0,337339.0,2466090.0,,2466090.0,,,,,,,,,,,,,,,,
2018-06-30,2019-01-15,10-Q,"Rapid Therapeutic Science Laboratories, Inc.",RTSL,CIK0001575659,USD,,2404.0,,186579.0,112227.0,,,,,,4698.0,937.0,,,937.0,-11360.0,,0.001,200000000.0,1204000.0,1204000.0,,,1204.0,,2200000.0,,,,,,,,,,,,,,,,,0.0,,-0.11,,,,,,,,91749.0,,,,,-134919.0,0.0,0.0,-12546.0,,,,,,,43171.0,,,-53355.0,,-10184.0,,3761.0,3761.0,43170.0,0.0,71780.0,,2991519.0,4698.0,791519.0,186579.0,72000.0,,,-83360.0,-134919.0,,-43170.0,,717335.0,2917335.0,91749.0,,,545000.0,,,,,,,,,,,,0.0,,,,,72000.0,,0.0,,,-2762913.0,0.0,10750.0,1000000.0,-2986821.0,-2986821.0,,,,,,,,,,,,337339.0,1204000.0,,1204000.0,,,,,,,,,,,,,,,,
2018-09-30,2019-01-15,10-Q,"Rapid Therapeutic Science Laboratories, Inc.",RTSL,CIK0001575659,USD,,15452.0,,186579.0,122977.0,,,,,,4094.0,333.0,,,333.0,,,0.001,200000000.0,1204000.0,1204000.0,,,1204.0,,2200000.0,,,,,,,,,,,,,,,,,0.0,,-0.06,,,,,,,,24401.0,,,,,-70208.0,0.0,,,,,,,,,,,,,,,,3761.0,3761.0,45807.0,,117586.0,,3050373.0,4094.0,850373.0,186579.0,,,,,-70208.0,,-45807.0,,717335.0,2917335.0,24401.0,,,604400.0,,,,,,,,,,,,0.0,,,,,,,0.0,,,-2833121.0,0.0,10750.0,1000000.0,-3046279.0,-3046279.0,,,,,,,,,,,,337339.0,1204000.0,,1204000.0,,,,,,,,,,,,,,,,
2018-12-31,2019-02-14,10-Q,"Rapid Therapeutic Science Laboratories, Inc.",RTSL,CIK0001575659,USD,,21852.0,,186579.0,133727.0,,,,0.0,,8799.0,8799.0,,,8799.0,,,0.001,200000000.0,1204000.0,1204000.0,,,1204.0,,2200000.0,,,,,,,,,,,,,,,,,0.0,,-0.07,,,,,,1380.0,1380.0,34025.0,,,,,-78397.0,0.0,,,,,,,,,,,,,,,,0.0,0.0,45752.0,,163338.0,,3122725.0,8799.0,922725.0,186579.0,,,,,-78397.0,,-44372.0,,737535.0,2937535.0,34025.0,,,672100.0,,,,,,,,,,,,0.0,,,,,,,0.0,,,-2911518.0,0.0,10750.0,1000000.0,-3113926.0,-3113926.0,,,,,,,,,,,,337339.0,1204000.0,,1204000.0,,,,,,,,,,,,,,,,
2019-03-31,2019-07-09,10-K,"Rapid Therapeutic Science Laboratories, Inc.",RTSL,CIK0001575659,USD,,19652.0,0.0,0.0,144477.0,0.0,,,0.0,0.0,1334.0,1334.0,,,1334.0,-10963.0,0.0,0.001,200000000.0,1204000.0,1204000.0,,0.0,1204.0,,2200000.0,,,0.0,,,,,64200.0,64200.0,0.0,,64200.0,0.0,,0.0,,741035.0,,-0.29,-0.21,0.21,43000.0,,5140.0,1380.0,1380.0,169690.0,170186.0,0.0,0.0,0.0,,,0.0,8102.0,,-3400.0,,0.0,-3400.0,-13945.0,180531.0,0.0,,,13945.0,,,0.0,0.0,180531.0,0.0,209140.0,0.0,3169827.0,1334.0,969827.0,0.0,95700.0,0.0,,-106663.0,-348841.0,0.0,-179151.0,741035.0,0.0,2941035.0,169690.0,,,305800.0,0.0,,0.0,0.0,,0.0,100000000.0,0.0,0.0,0.0,,0.0,,0.0,,0.0,95700.0,,0.0,,,-2976835.0,0.0,43000.0,1000000.0,-3168493.0,-3168493.0,0.0,,,,,,,,0.0,,,337339.0,1204000.0,,,,,,,,,,,,,,,,,,
2019-06-30,2019-07-26,10-Q,"Rapid Therapeutic Science Laboratories, Inc.",RTSL,CIK0001575659,USD,,25008.0,,,155227.0,,10750.0,,0.0,,2466.0,2466.0,,,2466.0,1132.0,0.0,0.001,200000000.0,1204000.0,1204000.0,,,1204.0,,2200000.0,,,0.0,,,,0.0,,,,,,,,,,749035.0,,-0.06,,,,,,,,22974.0,,,0.0,,-69073.0,0.0,0.0,5356.0,,,,0.0,,,46099.0,0.0,,,0.0,0.0,,,,46099.0,0.0,255239.0,,3229282.0,2466.0,1029282.0,,8000.0,,,-6868.0,-69073.0,,-46099.0,,749035.0,,22974.0,,,,,,,,,,,,,,,,,0.0,,,8000.0,,,,,-3045908.0,0.0,10750.0,1000000.0,-3226816.0,-3226816.0,,,,,,,,,,10750.0,,337339.0,1204000.0,,,,,,,,,,,,,,,,,,
2019-09-30,2019-11-05,10-Q,"Rapid Therapeutic Science Laboratories, Inc.",RTSL,CIK0001575659,USD,,28458.0,,,165977.0,,,,0.0,,3260.0,3260.0,,,3260.0,,,0.001,200000000.0,1204000.0,1204000.0,,,1204.0,,2200000.0,,,0.0,,,,,,,,,,0.0,,,,756535.0,,-0.06,,,,,,,,20906.0,,,0.0,,-67673.0,0.0,,,,,,,,,,,,,,,,,,46767.0,,302006.0,,3286999.0,3260.0,1086999.0,,,,,,-67673.0,,-46767.0,,756535.0,,20906.0,,,,,,,,,,,,,,,,,,,,,,,,,-3113581.0,0.0,10750.0,1000000.0,-3283739.0,-3283739.0,,,,,,,,,,10750.0,,337339.0,1204000.0,,,,,,,,,,,,,,,,,,
2019-12-31,2020-03-31,10-Q,"Rapid Therapeutic Science Laboratories, Inc.",RTSL,CIK0001575659,USD,,117082.0,5282.0,,2242418.0,2034760.0,,,12500.0,,452632.0,125132.0,,,136215.0,,,0.001,200000000.0,,156856000.0,,,156856.0,,465240.0,,,,4069520.0,31304000.0,,,,,,,,,,,,756535.0,,0.0,,,,,,0.0,,129367.0,,,,,-176690.0,0.0,,,,,,,,,,,,,,,,,327500.0,34823.0,,336829.0,,1680968.0,452632.0,1215728.0,,,,,,-176690.0,,-34823.0,,,1221775.0,141867.0,,,,,,,,,,,,,,,,,,,,,,,,,-3290271.0,0.0,57333.0,1000000.0,-1228336.0,-1364484.0,,,,,,,,,140000.0,,,337339.0,79030000.0,,,,,,,,,,,,,,,,,,
2020-03-31,2020-06-29,10-K,"Rapid Therapeutic Science Laboratories, Inc.",RTSL,CIK0001575659,USD,,64577.0,,,2414718.0,2034760.0,,,62500.0,,444588.0,142088.0,,37500.0,136216.0,145965.0,,0.001,750000000.0,,159556000.0,640000.0,90000.0,159556.0,32000.0,315240.0,,,14310.0,,,0.0,,93600.0,93600.0,0.0,,93600.0,0.0,0.0,0.0,,,,-0.01,,,178833.0,,,0.0,,621727.0,,,3968.0,,-935732.0,0.0,0.0,44925.0,-12861.0,0.0,64000.0,32000.0,,,255471.0,11746.0,180000.0,,-89850.0,,,,302500.0,255473.0,0.0,400720.0,5873.0,1809072.0,444588.0,1493832.0,,645500.0,-155075.0,,-344460.0,-935732.0,44925.0,-255473.0,883185.0,23350.0,1221775.0,684227.0,,,445700.0,140000.0,155075.0,155075.0,,0.0,0.0,16500000.0,0.0,0.0,0.0,,,,150000.0,,90000.0,315500.0,0.0,0.0,0.0,0.0,-3601419.0,18278.0,278833.0,1000000.0,-1364484.0,-1364484.0,,,,,,178833.0,150000.0,2034760.0,140000.0,278833.0,,337339.0,218515779.0,,,,,,,,,,,,,,,,,,
2020-06-30,2020-08-13,10-Q,"Rapid Therapeutic Science Laboratories, Inc.",RTSL,CIK0001575659,USD,,83426.0,,,2991984.0,,,,25000.0,,519242.0,241742.0,,62500.0,213123.0,76908.0,,0.001,750000000.0,,161874334.0,,90000.0,161874.0,,315240.0,,,18556.0,,,,-44952.0,,,,,,0.0,44952.0,0.0,,,,0.0,,,,,,,,629510.0,,,110731.0,,-566380.0,0.0,0.0,18849.0,,,,44952.0,,,22601.0,22746.0,,,-32000.0,,,,277500.0,22601.0,0.0,423321.0,28619.0,1870522.0,519242.0,1555282.0,,292000.0,,,-215092.0,-566380.0,,-22601.0,890233.0,23350.0,1228823.0,654510.0,,,,,,,,,0.0,100000000.0,0.0,0.0,0.0,,,,240000.0,,,52000.0,,,,,-4167799.0,129287.0,339584.0,1000000.0,-1351280.0,-1351280.0,,,,,,,240000.0,,,339584.0,,337339.0,160494805.0,,,,,,,,,,,,,,,,,,
2020-09-30,2020-11-09,10-Q,"Rapid Therapeutic Science Laboratories, Inc.",RTSL,CIK0001575659,USD,,69139.0,,,4475363.0,,,,25000.0,,801862.0,458801.0,,87500.0,266055.0,,,0.001,750000000.0,,175882083.0,,100000.0,175882.0,,315240.0,,,4791.0,501137.0,,,,,,,,,2418.0,83606.0,0.0,,,,0.0,,,,,,,,593164.0,,,-3162.0,,-640536.0,0.0,,,,,,,,,,,,,,,,,252500.0,16792.0,,337979.0,192746.0,1296291.0,801862.0,981051.0,,,,,,-640536.0,,-16792.0,366977.0,23350.0,705567.0,620582.0,,,,,,,,,0.0,100000000.0,0.0,0.0,0.0,,,,,,,,92979.0,90561.0,2418.0,,-4808335.0,1629.0,,20000000.0,-494429.0,-494429.0,,,,,10022749.0,,995000.0,501137.0,,1250.0,,337339.0,166891848.0,,,,,,,,,,,,,,,,,,
2021-03-31,2021-05-14,10-Q,"Rapid Therapeutic Science Laboratories, Inc.",RTSL,CIK0001575659,USD,44926.0,,,,7208626.0,,,,12500.0,,1155613.0,371799.0,,0.0,184997.0,-314149.0,,0.001,750000000.0,,193379421.0,,,193379.0,,150000.0,,,0.0,890031.0,,892323.0,,,,,,,5525.0,,0.0,,,,0.0,,,,,,,,501923.0,,,0.0,,-533746.0,0.0,0.0,,-22447.0,,0.0,,,,13798.0,0.0,0.0,,0.0,,,,170075.0,13798.0,0.0,34921.0,186802.0,278233.0,1155613.0,128233.0,,230000.0,-19779.0,,-524370.0,-533746.0,,-13798.0,24686.0,23700.0,198386.0,519948.0,,,,,,,,19779.0,0.0,16500000.0,,0.0,0.0,,,,530000.0,,,,626519.0,613739.0,12780.0,300000.0,-6187286.0,0.0,0.0,,877380.0,877380.0,,,,,,,530000.0,2292.0,,,,337339.0,182338723.0,,,,,,,,,,,,,,,,,,
2021-06-30,2021-08-11,10-Q,"Rapid Therapeutic Science Laboratories, Inc.",RTSL,CIK0001575659,USD,129901.0,,,,7263488.0,,,,0.0,,1013009.0,214720.0,,0.0,47918.0,,,0.001,750000000.0,,193516921.0,,,193517.0,,150000.0,,,200.0,,,,,,,,,,5525.0,,0.0,,,,0.0,,,,,,,,527278.0,,,224.0,,-535888.0,0.0,,,,,,,,,,,,,,,,,170075.0,3309.0,,38230.0,166802.0,616517.0,1013009.0,466517.0,,,,,,-535888.0,,-3309.0,24686.0,273700.0,448386.0,532803.0,,,,,,,,,0.0,,,0.0,0.0,,,,,,,,646519.0,628214.0,18305.0,,-6723174.0,424.0,,,396492.0,396492.0,,,,,,,55000.0,,,,,337339.0,193436083.0,,,,,,,,,,,,,,,,,,
2021-09-30,2021-11-10,10-Q,"Rapid Therapeutic Science Laboratories, Inc.",RTSL,CIK0001575659,USD,118526.0,,,,7283438.0,,,,0.0,,2028503.0,1158346.0,,0.0,919707.0,,,0.001,750000000.0,,193566921.0,,,193567.0,,888457.0,150000.0,454757.0,0.0,,,,,,,,,,5525.0,,1146507.0,,,,0.0,,,,,,,,490656.0,,,50.0,,-583442.0,0.0,,,,,,,,,,,,,,,,,170075.0,658017.0,,41963.0,187008.0,2195453.0,2028503.0,2045453.0,,,,,,-583442.0,,-87311.0,,283700.0,,496181.0,,,,,,,,,0.0,,,0.0,0.0,51631.0,,,,,,,723912.0,700082.0,23830.0,,-7306616.0,50.0,,,-166950.0,-166950.0,,,,,,,,,,20000.0,,337339.0,193563660.0,,,,,,,,,,,,,,,,,,
2021-12-31,2022-03-16,10-K,"Rapid Therapeutic Science Laboratories, Inc.",RTSL,CIK0001575659,USD,465204.0,,,,7283438.0,,,1147865.0,33759.0,,2199970.0,419162.0,,0.0,192484.0,-306662.0,,0.001,750000000.0,,193566921.0,,,193567.0,,1533434.0,150000.0,1099734.0,200.0,890031.0,,892323.0,,1200100.0,1200100.0,0.0,,1200100.0,22100.0,,1085360.0,,,,-0.02,0.21,0.21,,,,,,2114770.0,,,334.0,,-2867883.0,0.0,0.0,,82185.0,,,,,,24572.0,-11755.0,0.0,,,51631.0,,,170075.0,1329441.0,0.0,45696.0,175047.0,3581727.0,2199970.0,3052983.0,,2195000.0,-292531.0,-2209131.0,,-2867883.0,,-697588.0,,283700.0,,2170629.0,,,2847900.0,,,,,292531.0,0.0,,,0.0,0.0,51631.0,,1650000.0,585000.0,0.0,,260000.0,1214917.0,1185562.0,29355.0,300000.0,-8521423.0,534.0,20000.0,,-1381757.0,-1381757.0,,,,,,,585000.0,2292.0,,20000.0,,337339.0,190739289.0,,,12500.0,0.0,0.0,446429.0,315646.0,452033.0,73289.0,378744.0,425171.0,21259.0,94226.0,111358.0,107075.0,102792.0,98509.0,0.0
