end,filed,form,Name,Ticker,CIK,Currency,AccountsPayableCurrent,AccruedLiabilitiesCurrent,AccruedPayrollTaxesCurrent,AccruedRentCurrent,AdditionalPaidInCapital,AdjustmentsToAdditionalPaidInCapitalWarrantIssued,AdvanceRoyalties,AmortizationOfDebtDiscountPremium,AmortizationOfFinancingCosts,AmortizationOfFinancingCostsAndDiscounts,Assets,AssetsCurrent,AssetsNoncurrent,AvailableForSaleSecuritiesAndHeldToMaturitySecurities,AvailableForSaleSecuritiesGrossUnrealizedGains,BusinessAcquisitionsProFormaNetIncomeLoss,BusinessAcquisitionsPurchasePriceAllocationYearOfAcquisitionNetEffectOnIncome,CashAndCashEquivalentsAtCarryingValue,CashAndCashEquivalentsPeriodIncreaseDecrease,CashCashEquivalentsRestrictedCashAndRestrictedCashEquivalentsIncludingDisposalGroupAndDiscontinuedOperations,CashCashEquivalentsRestrictedCashAndRestrictedCashEquivalentsPeriodIncreaseDecreaseIncludingExchangeRateEffect,ClassOfWarrantOrRightOutstanding,CommitmentsAndContingencies,CommonStockCapitalSharesReservedForFutureIssuance,CommonStockParOrStatedValuePerShare,CommonStockShareSubscribedButUnissuedSubscriptionsReceivable,CommonStockSharesAuthorized,CommonStockSharesIssued,CommonStockSharesOutstanding,CommonStockSharesSubscriptions,CommonStockValue,ConversionOfStockAmountConverted1,ConversionOfStockAmountIssued1,ConversionOfStockSharesConverted1,ConversionOfStockSharesIssued1,ConvertibleDebt,ConvertibleDebtCurrent,CostOfOtherPropertyOperatingExpense,CostOfRevenue,DebtInstrumentConvertibleConversionPrice1,DebtInstrumentFairValue,DebtSecuritiesAvailableForSaleUnrealizedGainLoss,DebtSecuritiesGainLoss,DeferredTaxAssetsGross,DeferredTaxAssetsGrossCurrent,DeferredTaxAssetsNet,DeferredTaxAssetsOperatingLossCarryforwards,DeferredTaxAssetsValuationAllowance,DerivativeGainLossOnDerivativeNet,DerivativeLiabilities,DerivativeLiabilitiesCurrent,DueToOfficersOrStockholdersCurrent,EarningsPerShareBasicAndDiluted,EffectiveIncomeTaxRateContinuingOperations,EffectiveIncomeTaxRateReconciliationAtFederalStatutoryIncomeTaxRate,ExtinguishmentOfDebtAmount,FairValueAdjustmentOfWarrants,GainLossOnDerivativeInstrumentsNetPretax,GainLossOnNonRecourseDebt,GainLossOnSaleOfAccountsReceivable,GainLossOnSaleOfDerivatives,GainOrLossOnSaleOfStockInSubsidiary,GainsLossesOnExtinguishmentOfDebt,GeneralAndAdministrativeExpense,GeneralInsuranceExpense,GrossProfit,IncomeLossFromContinuingOperationsBeforeIncomeTaxesDomestic,IncomeLossFromContinuingOperationsBeforeIncomeTaxesExtraordinaryItemsNoncontrollingInterest,IncomeLossFromContinuingOperationsPerBasicAndDilutedShare,IncomeLossFromSubsidiariesNetOfTax,IncomeTaxExpenseBenefit,IncomeTaxesPaid,IncomeTaxReconciliationChangeInDeferredTaxAssetsValuationAllowance,IncreaseDecreaseInAccountsPayable,IncreaseDecreaseInAccruedInterestReceivableNet,IncreaseDecreaseInAccruedLiabilities,IncreaseDecreaseInDeferredLiabilities,IncreaseDecreaseInDueToOfficersAndStockholders,IncreaseDecreaseInPrepaidExpense,InterestExpense,InterestPaidNet,InterestPayableCurrent,InterestPayableCurrentAndNoncurrent,InvestmentIncomeInterest,Investments,IssuanceOfStockAndWarrantsForServicesOrClaims,LaborAndRelatedExpense,LegalFees,Liabilities,LiabilitiesAndStockholdersEquity,LiabilitiesAssumed1,LiabilitiesCurrent,MarketableSecuritiesGainLoss,MinorityInterest,NetCashProvidedByUsedInFinancingActivities,NetCashProvidedByUsedInInvestingActivities,NetCashProvidedByUsedInOperatingActivities,NetIncomeLoss,NetRealizedOrUnrealizedGainLossOnTradingSecurities,NoninterestExpenseDirectorsFees,NotesAndLoansReceivableNetCurrent,NotesPayable,NotesPayableCurrent,NotesPayableRelatedPartiesClassifiedCurrent,OfficersCompensation,OperatingExpenses,OperatingIncomeLoss,OperatingLeasePayments,OperatingLeasePaymentsUse,OtherAssetsNoncurrent,OtherExpenses,OtherIncome,OtherNonoperatingExpense,OtherNonoperatingIncomeExpense,OtherOperatingIncomeExpenseNet,PaymentsToAcquireAvailableForSaleSecurities,PaymentsToAcquireReceivables,PreferredStockDividendsShares,PreferredStockParOrStatedValuePerShare,PreferredStockSharesAuthorized,PreferredStockSharesIssued,PreferredStockSharesOutstanding,PreferredStockValue,PrepaidExpenseCurrent,PrepaidInterest,ProceedsFromCollectionOfLoansReceivable,ProceedsFromConvertibleDebt,ProceedsFromIssuanceOfCommonStock,ProceedsFromIssuanceOfDebt,ProceedsFromIssuanceOfPreferredStockAndPreferenceStock,ProceedsFromNotesPayable,ProceedsFromOtherDebt,ProceedsFromRelatedPartyDebt,ProceedsFromRepaymentsOfRelatedPartyDebt,ProceedsFromShortTermDebt,ProceedsFromStockOptionsExercised,ProfessionalFees,ProfitLoss,ReceivablesNetCurrent,RepaymentsOfConvertibleDebt,RepaymentsOfNotesPayable,RepaymentsOfRelatedPartyDebt,RepaymentsOfShortTermDebt,ResearchAndDevelopmentExpense,RetainedEarningsAccumulatedDeficit,RetainedEarningsAppropriated,RevenueFromContractWithCustomerExcludingAssessedTax,Revenues,RoyaltyExpense,SaleOfStockConsiderationReceivedOnTransaction,SaleOfStockPricePerShare,SellingExpense,ShareBasedCompensation,ShareBasedCompensationArrangementByShareBasedPaymentAwardEquityInstrumentsOtherThanOptionsForfeituresIntrinsicValue,ShareBasedCompensationArrangementByShareBasedPaymentAwardFairValueAssumptionsExpectedDividendRate,ShareBasedCompensationArrangementByShareBasedPaymentAwardFairValueAssumptionsExpectedVolatilityRate,ShareBasedCompensationArrangementByShareBasedPaymentAwardFairValueAssumptionsRiskFreeInterestRate,ShareBasedCompensationArrangementByShareBasedPaymentAwardNumberOfSharesAvailableForGrant,ShareBasedCompensationArrangementsByShareBasedPaymentAwardOptionsGrantsInPeriodWeightedAverageExercisePrice,SharesIssuedPricePerShare,ShortTermBorrowings,SponsorFees,StockGrantedDuringPeriodValueSharebasedCompensation,StockholdersEquity,StockholdersEquityIncludingPortionAttributableToNoncontrollingInterest,StockholdersEquityNoteSubscriptionsReceivable,StockIssued1,StockIssuedDuringPeriodSharesConversionOfConvertibleSecurities,StockIssuedDuringPeriodSharesConversionOfUnits,StockIssuedDuringPeriodSharesIssuedForServices,StockIssuedDuringPeriodSharesNewIssues,StockIssuedDuringPeriodSharesOther,StockIssuedDuringPeriodSharesShareBasedCompensation,StockIssuedDuringPeriodValueConversionOfConvertibleSecurities,StockIssuedDuringPeriodValueIssuedForServices,StockIssuedDuringPeriodValueNewIssues,StockIssuedDuringPeriodValueOther,StockIssuedDuringPeriodValueShareBasedCompensation,StockIssuedDuringPeriodValueShareBasedCompensationGross,TradingSecuritiesEquity,TravelAndEntertainmentExpense,TreasuryStockCommonShares,WeightedAverageNumberOfShareOutstandingBasicAndDiluted,AvailableForSaleDebtSecuritiesGrossUnrealizedLoss,EquitySecuritiesFvNiCurrentAndNoncurrent,EquitySecuritiesFvNiRealizedLoss,EquitySecuritiesFvNiUnrealizedLoss,GainsLossesOnExtinguishmentOfDebtBeforeWriteOffOfDeferredDebtIssuanceCost,OtherNonoperatingIncome,PaymentsToAcquireLoansReceivable,ProvisionForDoubtfulAccounts,StockRepurchasedAndRetiredDuringPeriodValue
2017-09-30,2018-04-25,10-K,"Quad     M Solutions, Inc",MMMM,CIK0000066600,USD,10804.0,,,,2444186.0,6667.0,,,,,5011.0,5011.0,,,,,,5011.0,-35904.0,,,,,,0.001,,100000000.0,60436162.0,60436162.0,,53816.0,,,,,,,,,,,,,,871469.0,,2563145.0,871469.0,,,,,,,,,6667.0,,,,,,,51058.0,,,,-154028.0,0.0,,,,,7000.0,-2124.0,,,,,2124.0,,2350.0,,,,,,,70154.0,5011.0,,70154.0,,,69000.0,,-104904.0,-154028.0,,,,,,57000.0,,151904.0,-151904.0,,,,,,,,-2124.0,,,,0.1,10000000.0,800001.0,800001.0,,,,,,20000.0,,,50000.0,,,,,,40000.0,,,,1000.0,,,,-2563145.0,,,,,,0.05,,,,0.0,7.3639,0.0184,,,,,,,-65143.0,,,,,,,,,,,3000.0,13333.0,,,,,,,52316162.0,,,,,,,,,
2017-12-31,2018-11-29,10-Q,"Quad     M Solutions, Inc",MMMM,CIK0000066600,USD,,,,,,,,,,,,,,,,,,75229.0,70218.0,,,,,,,,,,,,,,,,,,,,,,,,,,,,,,,,,,,,0.21,,,,,,,,,34757.0,,,,-50384.0,0.0,,,,97300.0,-10803.0,-1302.0,,,,-1397.0,1302.0,,,,,,,,,,,,,,,131500.0,,-61282.0,-50384.0,,,,,,,,49082.0,-49082.0,,,,,,,-1302.0,,,,,,,,,,,,,,131500.0,,,,,,,,,14325.0,-50385.0,,,,,,,,,,,,,,,,,,,,,,,,,,15972.0,,,,,,,,,,,,131501.0,,,,,,,55882829.0,,,,,,,,,
2018-03-31,2018-05-21,10-Q,"Quad     M Solutions, Inc",MMMM,CIK0000066600,USD,,,,,,,,,,,,,,,,,,1404.0,,,,,,,,,,,,,,,,,,,,,,,,,,,,,,,,,,,,,,,,,,,,,,23387.0,,,,-180493.0,0.0,,,,,,,,,,,1266.0,,,,,,,,,,,,,,,,,,-180493.0,,,,,,,48992.0,179227.0,-179227.0,,,,,,,-1266.0,,,,,,,,,,,,,,,,,,,,,,,48954.0,-180482.0,,,,,,,,,,,,,,,,,,,,,,,,,,-60516.0,,,,,,,,,,,,,,,,,,,58366162.0,,,,,,,,,
2018-06-30,2018-08-20,10-Q,"Quad     M Solutions, Inc",MMMM,CIK0000066600,USD,,,,,,,,,,,,,,,,,,11243.0,,,,,,,,,,,,,,,,,,,,,,,,,,,,,,,,,,,,,,,,,,,,,,23294.0,,,,-71981.0,0.0,,,,,,,,,,,-1280.0,,,,,,,,,,,,,,,,,,-71981.0,,,,,,,8747.0,70701.0,-70701.0,,,,,,,,-1280.0,,,,,,,,,,,,,,,,,,,,,,7322.0,-71980.0,,,,,,,,,,,8040.0,,,,,,,,,,,,,,,-51956.0,,,,,,,,,,,,,,,,,23298.0,,59802829.0,,,,,,,,,
2018-09-30,2019-01-15,10-K,"Quad     M Solutions, Inc",MMMM,CIK0000066600,USD,21084.0,,74257.0,,2752600.0,,2500.0,,,,1900.0,1900.0,,,,,,1900.0,-3111.0,,,280000.0,,,0.001,-55000.0,100000000.0,60436162.0,60436162.0,,60436.0,,,,,,,,,,,,,60234.0,968769.0,,3025479.0,-968769.0,,,,,,0.35,,,39194.0,,,,,,,127747.0,,,,-463334.0,-0.01,,,,97300.0,10283.0,5650.0,,74256.0,,,-5652.0,,8002.0,,,,,,,160343.0,1900.0,,160343.0,,,280300.0,,-283411.0,-463334.0,,39194.0,,,,57000.0,140742.0,455682.0,-455682.0,265000.0,25000.0,,2000.0,,,-2000.0,-7652.0,,,,0.1,10000000.0,0.0,0.0,,,,,,279100.0,,,,1200.0,,,,1200.0,74662.0,-623820.0,,,,,,,-3026479.0,,,,47261.0,,0.02,,,,,4.9528,0.0199,60000.0,,,,,,-158442.0,-158443.0,,,,,300000.0,5760000.0,500000.0,,,45500.0,224100.0,,,5040.0,,65270.0,,58750329.0,,,,,,,,,
2018-12-31,2019-02-13,10-Q,"Quad     M Solutions, Inc",MMMM,CIK0000066600,USD,16685.0,,47970.0,,3074665.0,,2500.0,5351.0,,,41671.0,41671.0,,,,,,41671.0,-39771.0,,,110000.0,,,0.001,,100000000.0,64371162.0,64371162.0,,64371.0,,,,,,5351.0,27301.0,,,,,,,1031937.0,,3327276.0,1031937.0,-35753.0,,95405.0,,0.0,0.35,,,,35753.0,,,,,-71158.0,17884.0,,,,-300797.0,0.0,,,,63168.0,-4339.0,-502.0,,53713.0,,,-4848.0,,7500.0,,,,50000.0,,,229911.0,41671.0,,229911.0,,,179000.0,,-139229.0,-300798.0,,,,,,57000.0,99110.0,260544.0,-260544.0,7500.0,,,,,,-40253.0,-40253.0,,,,0.1,10000000.0,0.0,0.0,,,,,60000.0,119000.0,,,,,,,,,10000.0,-300798.0,,,,,,,-3327276.0,,,,,,,,,,,,,,,,,22000.0,80000.0,-188240.0,,,,,,2000.0,26500.0,2650000.0,4000000.0,,50000.0,119000.0,,,,,38707.0,4300000.0,65592829.0,,,,,,,,,
2019-03-31,2019-05-20,10-Q,"Quad     M Solutions, Inc",MMMM,CIK0000066600,USD,26887.0,,69720.0,,3469258.0,,2500.0,,,,88611.0,13611.0,,,,,,13611.0,,,,110000.0,,,0.001,,900000000.0,68777733.0,68777733.0,,68778.0,,,,,,25244.0,12500.0,,,,,,,1120118.0,,3747187.0,1120118.0,,107475.0,107475.0,,-64.0,,,,,64848.0,,,,,-36918.0,50423.0,287237.0,,,-419909.0,-0.01,,,,,,,,,,,-23827.0,,11434.0,,,,,,-25000.0,297760.0,88611.0,,297760.0,,,,,,-419909.0,,,,,,57000.0,48852.0,399012.0,-399012.0,,,75000.0,,,,-20897.0,-20897.0,,,,0.1,10000000.0,1.0,1.0,,,,,,,,,,,,,,,287237.0,-419909.0,,,,,,,-3747185.0,,,,,,,,,,,,,,,,,,,-209150.0,,,,,,10000.0,19580.0,,,,230000.0,74000.0,,,,,,4300000.0,655929.0,,,,,,,,,
2019-06-30,2019-08-19,10-Q,"Quad     M Solutions, Inc",MMMM,CIK0000066600,USD,,186833.0,,,3529630.0,,2500.0,,,,23360.0,23360.0,,,,,,23360.0,,,,110000.0,,,0.001,,,,,,68778.0,,,,,107565.0,107565.0,2500.0,0.0,,,,,,1448481.0,,5310818.0,-1448481.0,,887124.0,,,-0.02,,,,,,,0.0,,403327.0,29943.0,397094.0,0.0,0.0,-1563631.0,-1563631.0,-0.02,-76900.0,0.0,,,,,,,,,219479.0,,19219.0,,,,,,12500.0,1658869.0,23360.0,,1658869.0,,,,,,-1563631.0,,,,,,58128.0,155.0,446777.0,-446777.0,,,,0.0,0.0,,,-1116854.0,,,,0.1,10000000.0,,,80000.0,,,,,,-611417.0,,,,,,,,18470.0,-1563631.0,,,,,,,-5310817.0,,,0.0,2500.0,,,0.0,0.0,,,,,,,,,0.0,,-1635509.0,,,,,,,,,,,,,,,,,28558.0,,68777733.0,,,,,,,,,
2019-09-30,2020-01-16,10-K,"Quad     M Solutions, Inc",MMMM,CIK0000066600,USD,34710.0,283833.0,,,4339751.0,,2500.0,533749.0,100000.0,,14700.0,14700.0,,,,,76900.0,14700.0,12800.0,14700.0,,110000.0,0.0,,0.001,,900000000.0,689778.0,689778.0,-3100.0,690.0,,100000.0,,,351275.0,351275.0,42301.0,0.0,,1509792.0,,,,1819944.0,0.0,7079690.0,-1819944.0,646389.0,1509792.0,1509792.0,,-5.98,0.35,,55703.0,,,,0.0,646389.0,-403327.0,-29943.0,838418.0,,0.0,-4053212.0,-4053212.0,-0.06,-76900.0,0.0,0.0,851175.0,40416.0,35183.0,283833.0,-14536.0,,0.0,639881.0,0.0,39312.0,,,,0.0,,37500.0,2677050.0,14700.0,,2677050.0,,3000.0,1100237.0,0.0,1087437.0,-5822085.0,,,,,0.0,58128.0,147966.0,1591331.0,-1591331.0,7500.0,0.0,,0.0,,,,-2461881.0,,0.0,14000.0,0.1,10000000.0,800001.0,800001.0,80000.0,,,0.0,948944.0,193000.0,-1920719.0,,1293.0,,,1293.0,,,418917.0,-5822085.0,,-43000.0,,,,,-7079690.0,,,0.0,42301.0,,,,0.0,,,,,,,,,22000.0,,-2662352.0,-2662350.0,-3100.0,,,,,,,4000000.0,,318800.0,183000.0,,107000.0,,,121729.0,,678246.0,,,,,,,,,
2019-12-31,2020-02-19,10-Q,"Quad     M Solutions, Inc",MMMM,CIK0000066600,USD,14990.0,367167.0,,,4376504.0,98000.0,,361790.0,,,53489.0,53489.0,,,,,,53489.0,38789.0,53489.0,38789.0,,,,0.001,,100000000.0,68777733.0,68777733.0,-3100.0,69560.0,,,7460.0,,,706066.0,,,,,,,,1968134.0,,7785356.0,-1968134.0,266907.0,1589022.0,,,-1.08,0.35,,,,,35699.0,-35699.0,,,-294700.0,237862.0,211377.0,221358.0,,-705666.0,,,,,148190.0,-19719.0,-35315.0,83334.0,,,,397106.0,,74167.0,,,,2158.0,,,3294324.0,53489.0,,3294324.0,,,193085.0,,-154296.0,-705666.0,,,,,400000.0,59790.0,,466425.0,-245067.0,,,,,,,,-460598.0,,-12428.0,,0.1,10000000.0,800001.0,800001.0,80000.0,,,59851.0,144000.0,,,,,,1662.0,1662.0,,,,-705666.0,83122.0,,,,,,-7785356.0,,221358.0,221358.0,,,,,,,,,,,,,,,,-3240835.0,,,,,,,,,,7460.0,,2158.0,,,,,17186.0,,655929.0,,,,,,,,,
2020-03-31,2020-05-20,10-Q,"Quad     M Solutions, Inc",MMMM,CIK0000066600,USD,25710.0,533833.0,,,4762600.0,32214.0,,,,,10238.0,10238.0,,0.0,,,,10238.0,,10237.0,,,,,0.001,,100000000.0,874441.0,874441.0,-3100.0,875.0,,,,,706066.0,1001072.0,,4922783.0,,,,,,2456737.0,,10112036.0,-2456737.0,-697829.0,3101735.0,,,-2.96,,,,,,,,,,-739477.0,287385.0,195396.0,168565.0,,-2326682.0,,,,,,,,,,,,341202.0,,95944.0,,,,,,-100871.0,5238767.0,10238.0,,5238767.0,,,,,,-2326681.0,,,,,400000.0,59790.0,,606349.0,-437784.0,,,,9519.0,,9519.0,,-1888898.0,,,,0.1,10000000.0,815750.0,815750.0,81575.0,,,,,,,,,,,,,,3028.0,,,,,,,,-10112037.0,,5091348.0,5091348.0,,,,57804.0,40000.0,,,,,,,,,,,-5228529.0,,,,,130094.0,5000.0,,,,121070.0,40000.0,,,,,0.0,22736.0,,785794.0,,,,,,,,,
2020-06-30,2020-08-19,10-Q,"Quad     M Solutions, Inc",MMMM,CIK0000066600,USD,9220.0,658833.0,,,7580020.0,,,,,,393637.0,393637.0,,0.0,,,,393637.0,,393637.0,,,0.0,,0.001,,900000000.0,14336966.0,14336966.0,-3100.0,14337.0,,,,,689241.0,523624.0,0.0,4542031.0,,,,,,2653697.0,0.0,11049945.0,-2653697.0,559970.0,1741209.0,1741209.0,,-0.15,,,,,,,0.0,,0.0,0.0,360548.0,65466.0,189285.0,-937908.0,-937908.0,,,0.0,,,,,,,,,387779.0,,81708.0,,,,,,255124.0,3724384.0,393637.0,,3724384.0,,,,,,-937908.0,,,,,250000.0,59790.0,,546548.0,-357263.0,,,,4269.0,4960.0,,,-580644.0,,,,0.1,10000000.0,815750.0,815750.0,80883.0,,,,,,,,,,,,,,74000.0,-937908.0,,,,,,,-11049945.0,,4731316.0,4731316.0,,,,46508.0,0.0,,,,,,,,,0.0,,-3330747.0,,,,,,,,,,748367.0,72000.0,,,,,0.0,26.0,,7125207.0,,,,,,,,,
2020-09-30,2021-01-12,10-K,"Quad     M Solutions, Inc",MMMM,CIK0000066600,USD,12190.0,690334.0,,5315.0,11014932.0,635814.0,,1347540.0,0.0,,478874.0,478874.0,,,,,,463874.0,449174.0,463874.0,449174.0,,0.0,,0.001,,900000000.0,20121010.0,20121010.0,3100.0,20121.0,,1242016.0,950000.0,950000.0,818962.0,818596.0,0.0,17254140.0,,3763090.0,,,3884335.0,3884335.0,0.0,16910125.0,3884335.0,-525523.0,0.0,3763090.0,,-1.42,0.35,,,,,,-35699.0,,0.0,-30128.0,1368272.0,,124362.0,-8255367.0,-8255367.0,,,0.0,0.0,2064391.0,-21019.0,163868.0,405000.0,0.0,,-15000.0,1560560.0,0.0,81468.0,,,,368658.0,231837.0,248395.0,5830783.0,478874.0,1095078.0,5830783.0,,24657.0,1536282.0,0.0,-1087437.0,-12540479.0,,,,,,59790.0,,2567960.0,-2443598.0,,,,4280.0,,4280.0,,-5811768.0,,-95550.0,213000.0,0.1,10000000.0,2717638.0,2717638.0,271764.0,15000.0,,59851.0,1636402.0,0.0,,25000.0,,,1662.0,0.0,,,17527.0,,,-91083.0,,,,,-16910125.0,,17378502.0,17378502.0,,,,40162.0,805372.0,,,,,,,,,,,-5351909.0,,,1209617.0,,27250.0,,,,,203180.0,368658.0,25000.0,25000.0,0.0,,,45621.0,,5809941.0,,0.0,0.0,0.0,-1331875.0,,,,
2020-12-31,2021-02-22,10-Q,"Quad     M Solutions, Inc",MMMM,CIK0000066600,USD,48720.0,701391.0,,,12579354.0,,,421381.0,2045.0,,619939.0,619939.0,,,,,,516984.0,,516985.0,53111.0,,,,0.001,,900000000.0,30662131.0,30662131.0,3100.0,30662.0,,,,,939031.0,939031.0,,8985230.0,,,,,3921782.0,,,17088440.0,3921782.0,1372837.0,,1986702.0,,-0.01,,0.21,,,,,,,403327.0,,274819.0,,27572.0,,-178317.0,,,,,37447.0,36533.0,-42945.0,11057.0,,,,529673.0,,117456.0,,,,45050.0,,,4653090.0,619939.0,,4653090.0,,,707657.0,-90000.0,-564546.0,-178317.0,,,90000.0,,,59790.0,,588242.0,-560669.0,,,,,,,,382352.0,,,,0.1,10000000.0,2725763.0,2725763.0,272576.0,12955.0,,,204657.0,,,,,,,,400000.0,,92128.0,,,,,,,,-17088442.0,,9012802.0,,,,,117.0,,,,,,,,,400000.0,,,-4033151.0,,,,,,,,,,321015.0,45050.0,,,,,,28525.0,,26729079.0,,,,,,,,,
2021-03-31,2021-05-24,10-Q,"Quad     M Solutions, Inc",MMMM,CIK0000066600,USD,9219.0,701391.0,,,13651529.0,,,,,,689635.0,683917.0,5718.0,5718.0,,,,593917.0,,593917.0,,,,,0.001,,900000000.0,43771367.0,43771367.0,3100.0,43771.0,,,2004361.0,,945962.0,945963.0,,8688841.0,,,684.0,19707.0,4066546.0,,,17777794.0,4066546.0,-127378.0,,1341024.0,,-0.02,,,,,,,,,,,232746.0,,388204.0,,-700260.0,,,,,,,,,,,,441973.0,,152784.0,,3.0,5718.0,,187778.0,,4310171.0,689635.0,,4310171.0,,,,,,-700260.0,,,90000.0,,,59790.0,,537507.0,-149303.0,,,,,,,,-550957.0,,,,0.1,10000000.0,2731657.0,2731657.0,273166.0,,,,,,,,,,,,,,55574.0,,,,,,,,-17788702.0,,9077045.0,,,,,117.0,,,,,,,,,700000.0,,,-3620536.0,,,,,,,,,,105000.0,27000.0,,,,,0.0,10292.0,,39162822.0,,,,,,,,,
2021-06-30,2021-08-23,10-Q,"Quad     M Solutions, Inc",MMMM,CIK0000066600,USD,9221.0,730172.0,,,15582669.0,,,,,,943202.0,940221.0,2981.0,2981.0,,,,845504.0,,845504.0,,,,,0.001,,900000000.0,47676046.0,47676046.0,3100.0,47676.0,309750.0,,6409503.0,,116000.0,116000.0,,9547713.0,,,-2737.0,20139.0,5078381.0,,,22596054.0,5078381.0,-108010.0,,258949.0,1700000.0,-0.12,,,,,,,,,,,500034.0,,1082351.0,,-4807354.0,,,,,,,,,,,,536565.0,,69627.0,,13.0,2981.0,,247058.0,,7478759.0,943202.0,,7478759.0,,,,,,-4807354.0,,,90000.0,4135000.0,,59790.0,,2464556.0,-1382205.0,,,,,,,,-3425149.0,,,,0.1,10000000.0,2717638.0,2717638.0,230454.0,,4717.0,,,,,,,,,,,,47706.0,-4807354.0,,,,,,1595075.0,-22596056.0,,10630064.0,,,,,117.0,,,,,,,,,,,,-6535557.0,,,,,,,,,,116019.0,,,,,,0.0,25566.0,,39162822.0,,,,,,,,,
2021-09-30,2022-01-14,10-K,"Quad     M Solutions, Inc",MMMM,CIK0000066600,USD,16628.0,701880.0,,,17306313.0,1683668.0,,1336695.0,15000.0,,155174.0,155174.0,,,,,,155174.0,,155174.0,-308700.0,,,,0.001,,900000000.0,66748674.0,66748674.0,,66749.0,,,7839902.0,,,266739.0,,38461445.0,,,,,6142603.0,,,27753783.0,6142603.0,123264.0,,2718312.0,1641572.0,-0.27,,0.21,,,,,,,,-2650223.0,1528344.0,,1402005.0,,-10843658.0,,,,,2258268.0,4439.0,57322.0,11546.0,,-300000.0,,1890024.0,,131833.0,,,,72050.0,961041.0,,10074353.0,155174.0,194166.0,10074353.0,-5718.0,,3308726.0,-95718.0,-3521708.0,-10843658.0,,,,4139771.0,,57618.0,,4788851.0,-3296846.0,,,,,,35357.0,,-7456812.0,,,,0.1,10000000.0,2618417.0,2618417.0,261842.0,,,,238658.0,,,103000.0,3585000.0,,,,,,272816.0,,,,,2172.0,,1595075.0,-27753783.0,,39863450.0,,,,,468.0,,,,,,,,,,,,-9919179.0,,,773514.0,,,,,,,746782.0,72050.0,103000.0,,,,,75106.0,,39973472.0,242398.0,0.0,240345.0,2053.0,-2691747.0,3551.0,90000.0,90000.0,167691.0
