end,filed,form,Name,Ticker,CIK,Currency,AccountsPayableCurrent,AccruedLiabilitiesCurrent,AccruedLiabilitiesCurrentAndNoncurrent,AccruedPayrollTaxesCurrentAndNoncurrent,AccruedProfessionalFeesCurrentAndNoncurrent,AccruedRentCurrent,AdditionalPaidInCapital,AdjustmentsToAdditionalPaidInCapitalConvertibleDebtWithConversionFeature,AllocatedShareBasedCompensationExpense,AmortizationOfDebtDiscountPremium,AmortizationOfIntangibleAssets,AntidilutiveSecuritiesExcludedFromComputationOfEarningsPerShareAmount,Assets,AssetsCurrent,BankOverdrafts,CashAndCashEquivalentsAtCarryingValue,CashAndCashEquivalentsAtCarryingValueIncludingDiscontinuedOperations,CashAndCashEquivalentsPeriodIncreaseDecrease,CashCashEquivalentsRestrictedCashAndRestrictedCashEquivalents,CashCashEquivalentsRestrictedCashAndRestrictedCashEquivalentsPeriodIncreaseDecreaseExcludingExchangeRateEffect,ClassOfWarrantOrRightExercisePriceOfWarrantsOrRights1,ClassOfWarrantOrRightNumberOfSecuritiesCalledByWarrantsOrRights,CommonStockParOrStatedValuePerShare,CommonStockSharesAuthorized,CommonStockSharesIssued,CommonStockSharesOutstanding,CommonStockValue,ConversionOfStockSharesConverted1,ConversionOfStockSharesIssued1,ConvertibleDebt,ConvertibleNotesPayable,CostOfRevenue,CurrentFederalTaxExpenseBenefit,DebtInstrumentConvertibleCarryingAmountOfTheEquityComponent,DebtInstrumentConvertibleConversionPrice1,DebtInstrumentFaceAmount,DebtInstrumentUnamortizedDiscount,DeferredCosts,DeferredIncomeTaxLiabilities,DeferredTaxAssetsGross,DeferredTaxAssetsOperatingLossCarryforwards,DeferredTaxAssetsTaxDeferredExpenseCompensationAndBenefitsOther,DeferredTaxAssetsTaxDeferredExpenseCompensationAndBenefitsShareBasedCompensationCost,DeferredTaxAssetsValuationAllowance,DeferredTaxLiabilities,DeferredTaxLiabilitiesOtherFiniteLivedAssets,Depreciation,DepreciationAndAmortization,DerivativeFairValueOfDerivativeLiability,EarningsPerShareBasicAndDiluted,EffectiveIncomeTaxRateReconciliationAtFederalStatutoryIncomeTaxRate,EffectiveIncomeTaxRateReconciliationChangeInDeferredTaxAssetsValuationAllowance,EffectiveIncomeTaxRateReconciliationNondeductibleExpenseAmortization,EffectiveIncomeTaxRateReconciliationNondeductibleExpenseShareBasedCompensationCost,EffectiveIncomeTaxRateReconciliationStateAndLocalIncomeTaxes,EffectiveIncomeTaxRateReconciliationTaxHolidays,EmployeeServiceShareBasedCompensationNonvestedAwardsTotalCompensationCostNotYetRecognized,FairValueAdjustmentOfWarrants,FairValueOptionChangesInFairValueGainLoss1,FiniteLivedIntangibleAssetsAccumulatedAmortization,FiniteLivedIntangibleAssetsAmortizationExpenseAfterYearFive,FiniteLivedIntangibleAssetsAmortizationExpenseNextTwelveMonths,FiniteLivedIntangibleAssetsAmortizationExpenseYearFive,FiniteLivedIntangibleAssetsAmortizationExpenseYearFour,FiniteLivedIntangibleAssetsAmortizationExpenseYearThree,FiniteLivedIntangibleAssetsAmortizationExpenseYearTwo,FiniteLivedIntangibleAssetsGross,FiniteLivedIntangibleAssetsNet,GainLossOnDispositionOfAssets1,GainsLossesOnExtinguishmentOfDebt,GrossProfit,IncreaseDecreaseInAccountsPayable,IncreaseDecreaseInAccountsReceivable,IncreaseDecreaseInAccruedLiabilities,IncreaseDecreaseInDeferredCharges,IncreaseDecreaseInDerivativeLiabilities,IncreaseDecreaseInDueToRelatedParties,IncreaseDecreaseInPrepaidDeferredExpenseAndOtherAssets,IntangibleAssetsNetExcludingGoodwill,IntangibleAssetsNetIncludingGoodwill,InterestExpense,InterestPaidNet,InterestPayableCurrent,InterestPayableCurrentAndNoncurrent,IssuanceOfStockAndWarrantsForServicesOrClaims,LegalFees,Liabilities,LiabilitiesAndStockholdersEquity,LiabilitiesCurrent,LongTermNotesPayable,NetCashProvidedByUsedInFinancingActivities,NetCashProvidedByUsedInInvestingActivities,NetCashProvidedByUsedInOperatingActivities,NetIncomeLoss,NonoperatingIncomeExpense,NotesPayable,NotesPayableCurrent,OperatingCostsAndExpenses,OperatingExpenses,OperatingIncomeLoss,OperatingLeaseExpense,OperatingLeasesFutureMinimumPaymentsDue,OperatingLeasesFutureMinimumPaymentsDueCurrent,OperatingLeasesFutureMinimumPaymentsDueInFiveYears,OperatingLeasesFutureMinimumPaymentsDueInFourYears,OperatingLeasesFutureMinimumPaymentsDueInThreeYears,OperatingLeasesFutureMinimumPaymentsDueInTwoYears,OperatingLeasesRentExpenseNet,OperatingLossCarryforwards,OtherAccruedLiabilitiesCurrentAndNoncurrent,OtherAssetsNoncurrent,OtherExpenses,OtherNonoperatingExpense,OtherNonoperatingIncome,PaymentsForLoans,PaymentsForRent,PaymentsOfFinancingCosts,PaymentsToAcquireEquipmentOnLease,PaymentsToAcquireInProcessResearchAndDevelopment,PaymentsToAcquireIntangibleAssets,PreferredStockParOrStatedValuePerShare,PreferredStockSharesAuthorized,PrepaidExpenseCurrent,ProceedsFromDebtNetOfIssuanceCosts,ProceedsFromIssuanceInitialPublicOffering,ProceedsFromIssuanceOfCommonStock,ProceedsFromIssuanceOfSecuredDebt,ProceedsFromIssuanceOfWarrants,ProceedsFromNotesPayable,ProceedsFromRelatedPartyDebt,ProceedsFromRepaymentsOfNotesPayable,ProceedsFromShortTermDebt,ProceedsFromStockOptionsExercised,ProfitLoss,PropertyPlantAndEquipmentNet,ReceivablesNetCurrent,RepaymentsOfNotesPayable,RepaymentsOfRelatedPartyDebt,RepaymentsOfSecuredDebt,ResearchAndDevelopmentExpense,RestrictedStockSharesIssuedNetOfSharesForTaxWithholdings,RestrictedStockValueSharesIssuedNetOfTaxWithholdings,RetainedEarningsAccumulatedDeficit,Revenues,SellingGeneralAndAdministrativeExpense,ShareBasedCompensation,ShareBasedCompensationArrangementByShareBasedPaymentAwardEquityInstrumentsOtherThanOptionsForfeitedInPeriod,ShareBasedCompensationArrangementByShareBasedPaymentAwardEquityInstrumentsOtherThanOptionsForfeituresWeightedAverageGrantDateFairValue,ShareBasedCompensationArrangementByShareBasedPaymentAwardEquityInstrumentsOtherThanOptionsGrantsInPeriod,ShareBasedCompensationArrangementByShareBasedPaymentAwardEquityInstrumentsOtherThanOptionsGrantsInPeriodWeightedAverageGrantDateFairValue,ShareBasedCompensationArrangementByShareBasedPaymentAwardEquityInstrumentsOtherThanOptionsNonvestedNumber,ShareBasedCompensationArrangementByShareBasedPaymentAwardEquityInstrumentsOtherThanOptionsNonvestedWeightedAverageGrantDateFairValue,ShareBasedCompensationArrangementByShareBasedPaymentAwardEquityInstrumentsOtherThanOptionsVestedInPeriod,ShareBasedCompensationArrangementByShareBasedPaymentAwardEquityInstrumentsOtherThanOptionsVestedInPeriodWeightedAverageGrantDateFairValue,ShareBasedCompensationArrangementByShareBasedPaymentAwardFairValueAssumptionsExercisePrice,ShareBasedCompensationArrangementByShareBasedPaymentAwardFairValueAssumptionsExpectedDividendRate,ShareBasedCompensationArrangementByShareBasedPaymentAwardFairValueAssumptionsExpectedVolatilityRate,ShareBasedCompensationArrangementByShareBasedPaymentAwardFairValueAssumptionsRiskFreeInterestRate,ShareBasedCompensationArrangementByShareBasedPaymentAwardFairValueAssumptionsRiskFreeInterestRateMaximum,ShareBasedCompensationArrangementByShareBasedPaymentAwardFairValueAssumptionsRiskFreeInterestRateMinimum,ShareBasedCompensationArrangementByShareBasedPaymentAwardNonOptionEquityInstrumentsGranted,ShareBasedCompensationArrangementByShareBasedPaymentAwardOptionsOutstandingNumber,ShareBasedCompensationArrangementByShareBasedPaymentAwardOptionsVestedAndExpectedToVestOutstandingNumber,SharebasedCompensationArrangementBySharebasedPaymentAwardOptionsNonvestedNumberOfShares,SharebasedCompensationArrangementBySharebasedPaymentAwardOptionsVestedNumberOfShares,SharesHeldInEmployeeStockOptionPlanAllocated,SharesIssued,SharesIssuedPricePerShare,SharesOutstanding,StockholdersEquity,StockholdersEquityIncludingPortionAttributableToNoncontrollingInterest,StockIssued1,StockIssuedDuringPeriodSharesConversionOfConvertibleSecurities,StockIssuedDuringPeriodSharesConversionOfUnits,StockIssuedDuringPeriodSharesIssuedForServices,StockIssuedDuringPeriodSharesOther,StockIssuedDuringPeriodValueConversionOfConvertibleSecurities,StockIssuedDuringPeriodValueIssuedForServices,StockIssuedDuringPeriodValueNewIssues,StockIssuedDuringPeriodValueOther,StockIssuedDuringPeriodValueShareBasedCompensation,StockIssuedDuringPeriodValueStockOptionsExercised,StockOptionExercisePriceIncrease,WarrantsAndRightsOutstanding,WeightedAverageNumberDilutedSharesOutstandingAdjustment,WeightedAverageNumberOfDilutedSharesOutstanding,WeightedAverageNumberOfShareOutstandingBasicAndDiluted
2019-09-30,2020-03-20,10-Q,CROWN ELECTROKINETICS CORP.,CRKN,CIK0001761696,USD,939622.0,350443.0,,,,,6663488.0,,,,10000.0,,630007.0,109232.0,8207.0,,,,,,,,0.0001,200000000.0,22000000.0,16396000.0,1640.0,,,,2486907.0,153500.0,,,0.76,,390803.0,155311.0,,,,,,,,,9000.0,,1462624.0,-0.24,,,,,,,3300000.0,,,119793.0,114137.0,20200.0,,40290.0,40290.0,40290.0,375000.0,255207.0,,,-153500.0,,,,,,,,100000.0,,393320.0,,306994.0,248000.0,,,5835797.0,630007.0,5835797.0,3127710.0,,,,-2801180.0,-404802.0,2736907.0,2736907.0,,2242878.0,-2396378.0,,249141.0,45298.0,,22649.0,90597.0,90597.0,,,,,,,,,,,,,,0.0001,50000000.0,84444.0,,,,,,,,,,,,110257.0,24788.0,,,,750395.0,,,-11870918.0,,1492483.0,1800000.0,,,,,5250003.0,0.82,,,,,,,,,,,,,,,,,,-5205790.0,,,,,,,,,,,1769422.0,,,1462624.0,,,11625368.0
2019-12-31,2020-04-01,10-Q,CROWN ELECTROKINETICS CORP.,CRKN,CIK0001761696,USD,1246771.0,562997.0,,,,,8015567.0,,,,10000.0,,565742.0,38197.0,1720.0,,,,,,,,0.0001,200000000.0,22000000.0,16716000.0,1672.0,,,,2723528.0,153500.0,,,0.76,,154182.0,181051.0,,,,,,,,,9000.0,,1462624.0,-0.58,,,,,,,2200000.0,,,129949.0,114137.0,10044.0,,40290.0,40290.0,40290.0,375000.0,245051.0,,,-53500.0,,,,,,,,100000.0,,309422.0,,379795.0,300000.0,,,6694676.0,565742.0,6694676.0,3146210.0,,,,-2275255.0,-309422.0,2992028.0,2992028.0,,1912333.0,-1965833.0,,226492.0,22649.0,,22649.0,90597.0,90597.0,,,,,,,,,,,,,,0.0001,50000000.0,38197.0,,,,,,,,,,,,101443.0,,,,,483647.0,,,-14146173.0,100000.0,1428686.0,1352111.0,,,,,4500006.0,0.82,,,,,,,,,,,,,,,,,,-6128934.0,,,,,,,,,,,1112111.0,,,1462624.0,,,3946403.0
2020-03-31,2020-09-04,10-K,CROWN ELECTROKINETICS CORP.,CRKN,CIK0001761696,USD,1262389.0,765201.0,765201.0,625974.0,,,9487285.0,260078.0,,1172542.0,40400.0,8073939.0,388636.0,61000.0,,48307.0,48307.0,,48000.0,-51140.0,,,0.0001,200000000.0,,5774778.0,577.0,,,,2833158.0,620000.0,25523.0,,,,405377.0,,20549.0,2957391.0,2410744.0,20017.0,544158.0,2936842.0,2936842.0,532.0,36352.0,76752.0,1733718.0,-2.33,0.21,-0.245,,-0.012,0.049,0.8,200000.0,,,200000.0,,,40400.0,40290.0,40290.0,40290.0,1850000.0,235007.0,,-255000.0,-520000.0,667672.0,,670161.0,-181051.0,,,-54185.0,100000.0,1650000.0,1497352.0,,454926.0,300000.0,264520.0,,7349133.0,388636.0,7349133.0,3488535.0,1019741.0,-26603.0,-1044278.0,-9603871.0,-1765962.0,400000.0,3083158.0,,7317909.0,-7837909.0,,203843.0,90597.0,,,22649.0,90597.0,,9100000.0,14313.0,,100000.0,,3318.0,,,,26603.0,,,0.0001,50000000.0,12693.0,,,,,,18500.0,49741.0,,,,-9603871.0,92629.0,,18500.0,,,1826140.0,,,-16448359.0,100000.0,5491769.0,4496169.0,,,2000000.0,2.46,1250003.0,2.46,749997.0,2.46,,,,,,,,1200000.0,,,,,,,,-6960000.0,-6961000.0,,,,,,,355000.0,,,4496169.0,,,1733718.0,1310110.0,5427520.0,4117410.0
2020-06-30,2020-10-06,10-Q,CROWN ELECTROKINETICS CORP.,CRKN,CIK0001761696,USD,1028420.0,575297.0,575297.0,531268.0,,,21264419.0,618657.0,,1052000.0,10000.0,10410786.0,912091.0,599153.0,,591851.0,592000.0,,,544000.0,,350000.0,0.0001,200000000.0,,24777701.0,2478.0,,,,1960203.0,,,,,,1919137.0,,,,,,,,,,5000.0,15000.0,2314152.0,-1.81,,,,,,,,,,150039.0,,30245.0,40290.0,40400.0,40290.0,40290.0,375000.0,224961.0,-22447.0,-18000.0,,-112134.0,,-189905.0,,,,-6000.0,,,1234000.0,56000.0,372570.0,56000.0,282000.0,,6555583.0,912091.0,6555583.0,3654559.0,1830000.0,,-1286000.0,-10462000.0,-1151000.0,2215403.0,2215403.0,,9311000.0,-9311000.0,,184776.0,69291.0,,,23097.0,92388.0,,,11365.0,,24000.0,,,,,,,,,0.0001,50000000.0,7302.0,,,,,,205200.0,,,205000.0,,-10462000.0,87977.0,,,,200000.0,1373000.0,,,-26910389.0,,7938000.0,8079000.0,,,4000000.0,1.38,3000012.0,0.82,4749997.0,1.28,,0.0,0.5,,,,,,,,,22000000.0,,,,-5644000.0,-5644000.0,,,,,,619000.0,121835.0,122000.0,-225000.0,8079000.0,,,2314152.0,,,5780844.0
2020-09-30,2020-11-17,10-Q,CROWN ELECTROKINETICS CORP.,CRKN,CIK0001761696,USD,976021.0,242737.0,242737.0,222837.0,,,26082835.0,,,,10000.0,,1014032.0,692626.0,,600924.0,601000.0,,,,,,0.0001,200000000.0,,28639863.0,2864.0,,,,1971700.0,,,,,,501370.0,,,,,,,,,,5000.0,,3765699.0,-0.67,,,,,,,,,,160194.0,,20090.0,40290.0,40400.0,40290.0,40290.0,375000.0,214806.0,,-180000.0,,,,,,,,,,,1090000.0,,394106.0,56000.0,,,7605204.0,1014032.0,7605204.0,2678270.0,,,,-5767000.0,-3685000.0,2176900.0,2176900.0,,2082000.0,-2082000.0,23097.0,161679.0,46194.0,,,23097.0,92388.0,,,5486.0,,,54000.0,,,23000000.0,,,,,0.0001,50000000.0,91702.0,,,,,,,,,,,-5767000.0,106600.0,,,,,423000.0,,,-32676871.0,,1659000.0,,,,,,2250015.0,0.77,,,1.0,0.0,0.5,0.023,,,,,,,,22000000.0,,,,-6591172.0,-6591000.0,,,,,,,,,,971000.0,,,3765699.0,,,8548506.0
2020-12-31,2021-02-16,10-Q,CROWN ELECTROKINETICS CORP.,CRKN,CIK0001761696,USD,1182621.0,356315.0,356315.0,221619.0,,,29758066.0,,,,10000.0,,642406.0,289515.0,,35609.0,,,,,,129213.0,0.0001,200000000.0,,7599716.0,760.0,,,,2637731.0,,,217222.0,,,822961.0,,,,,,,,,,11000.0,,2542415.0,-0.45,,,,,,,,,,170349.0,,9935.0,40290.0,40400.0,40290.0,40290.0,375000.0,204651.0,,-255046.0,,,,,,,,,,,340880.0,,464565.0,51000.0,,,7413847.0,642406.0,7413847.0,3665892.0,,,,-3853396.0,-1156537.0,2842931.0,2842931.0,,2696859.0,-2696859.0,23097.0,138582.0,23097.0,,,23097.0,92388.0,,,5040.0,,,,,,,,,,,0.0001,50000000.0,253906.0,,,,,,,,,,,,148240.0,,,,,838967.0,,,-36530267.0,,1857892.0,,,,,,,,,,,0.0,0.5,0.023,,,,,,,,7333333.0,217222.0,,,-6771441.0,,,,,,,,,,,1613339.0,,,2542415.0,,,8595124.0
2021-03-31,2021-06-21,10-K,CROWN ELECTROKINETICS CORP.,CRKN,CIK0001761696,USD,285000.0,211000.0,211000.0,,49000.0,,73789000.0,618657.0,,2713516.0,60500.0,19352812.0,17522000.0,15643000.0,,15297000.0,15296924.0,,15297000.0,15248617.0,5.625,129213.0,0.0001,200000000.0,,14856480.0,1000.0,,,17100000.0,,,25523.0,,,,,,20729.0,4370351.0,3678886.0,20017.0,544158.0,4349622.0,4349622.0,712.0,42352.0,102837.0,,-4.6,0.21,-0.035,-0.073,,0.011,,,,2400000.0,200478.0,,187709.0,898171.0,187709.0,188224.0,187709.0,1850000.0,1650000.0,,-14257495.0,,-802404.0,,-554304.0,,,,353324.0,,,3196264.0,62649.0,,,305435.0,,935000.0,17522000.0,935000.0,438500.0,23466857.0,-1633857.0,-6584383.0,-40755125.0,-21402903.0,400000.0,439000.0,23097.0,19352222.0,-19352222.0,,1268607.0,384904.0,99783.0,144275.0,313643.0,326002.0,,14000000.0,2000.0,20000.0,100000.0,55444.0,6734.0,,,,158857.0,1475000.0,,0.0001,50000000.0,346000.0,,,20925114.0,,1.116,,25000.0,,438500.0,,-40755125.0,209000.0,,53000.0,74741.0,200000.0,3539857.0,,,-57203000.0,,15812365.0,14125997.0,1310003.0,2.38,2371428.0,3.47,777778.0,5.12,1533650.0,2.67,,0.0,0.5,,,,630556.0,,,,,7333333.0,,,375000.0,16587000.0,16587000.0,,,211273.0,,366667.0,,,,,14125997.0,,,,732530.0,9583681.0,8851151.0
2021-06-30,2021-08-16,10-Q,CROWN ELECTROKINETICS CORP.,CRKN,CIK0001761696,USD,321000.0,104000.0,104000.0,,,73000.0,76376000.0,,,,47000.0,18962914.0,14640000.0,12733000.0,,12478000.0,12478000.0,,,-2819000.0,,,0.0001,200000000.0,,14920741.0,1000.0,,,,,,,,,,,,,,,,,,,,19000.0,66000.0,,-0.38,,,,,,,,,,247000.0,,141000.0,898000.0,188000.0,188000.0,188000.0,1850000.0,1603000.0,,,,,,,,,,-82000.0,,1603000.0,2000.0,2000.0,,,244000.0,,864000.0,14640000.0,864000.0,,4000.0,-85000.0,-2738000.0,-5398000.0,-2000.0,400000.0,439000.0,23097.0,5396000.0,-5396000.0,,1172000.0,,,,,,,,2000.0,29000.0,100000.0,,,,,,85000.0,,,0.0001,50000000.0,255000.0,,,,,,,,,,4000.0,-5398000.0,275000.0,,,,,435000.0,,200000.0,-62601000.0,,4961000.0,2339000.0,,,,,711112.0,5.12,66666.0,5.12,,0.0,0.5,,,,,,,,,7333333.0,,,,13776000.0,13776000.0,,,,,,,,,,2339000.0,4000.0,,,,,14315142.0
2021-09-30,2021-11-12,10-Q,CROWN ELECTROKINETICS CORP.,CRKN,CIK0001761696,USD,426000.0,480000.0,480000.0,,,91000.0,79659000.0,,,,51000.0,,12701000.0,10406000.0,,9701000.0,9701000.0,,,,,,0.0001,200000000.0,,14530126.0,1000.0,,,,,,,,,,,,,,,,,,,,21000.0,,,-0.39,,,,,,,,,,298000.0,,105000.0,1045000.0,211000.0,211000.0,211000.0,2081000.0,1783000.0,,,,,,,,,,,,,2000.0,,,,,,1345000.0,12701000.0,1345000.0,,,,,-5703000.0,-51000.0,400000.0,439000.0,,5652000.0,-5652000.0,,2481000.0,,,,,,,,1000.0,28000.0,,49000.0,,,100000.0,,,,,0.0001,50000000.0,705000.0,,,,,,,,,,,-5703000.0,484000.0,,,,,787000.0,,,-68304000.0,,4865000.0,,,,,,,,,,,0.0,0.5,,,,,,66666.0,711112.0,,7333333.0,,,,11356000.0,11356000.0,,,,,,,,,,3101000.0,,,,,,14510818.0
