end,filed,form,Name,Ticker,CIK,Currency,AccountsPayableCurrent,AccountsReceivableNetCurrent,AdditionalPaidInCapital,AdjustmentsToAdditionalPaidInCapitalShareBasedCompensationStockOptionsRequisiteServicePeriodRecognition,AdjustmentsToAdditionalPaidInCapitalSharebasedCompensationAndExerciseOfStockOptions,AdjustmentsToAdditionalPaidInCapitalStockIssuedIssuanceCosts,AmortizationOfIntangibleAssets,Assets,AssetsCurrent,AssetsHeldForSalePropertyPlantAndEquipment,CashAndCashEquivalentsAtCarryingValue,CashAndCashEquivalentsPeriodIncreaseDecrease,CashCashEquivalentsRestrictedCashAndRestrictedCashEquivalentsPeriodIncreaseDecreaseExcludingExchangeRateEffect,CashCashEquivalentsRestrictedCashAndRestrictedCashEquivalentsPeriodIncreaseDecreaseIncludingExchangeRateEffect,ClassOfWarrantOrRightExercisePriceOfWarrantsOrRights1,ClassOfWarrantOrRightOutstanding,CommonStockParOrStatedValuePerShare,CommonStockParOrStatedValuePerShare,CommonStockSharesAuthorized,CommonStockSharesIssued,CommonStockSharesOutstanding,CommonStockSharesSubscriptions,CommonStockValue,Communication,ComprehensiveIncomeNetOfTax,CostOfGoodsSold,CostOfRevenue,CostOfServicesEnergyServices,CostOfServicesOilAndGas,CostsAndExpensesRelatedParty,DebtInstrumentIncreaseAccruedInterest,DeferredCosts,DeferredIncomeTaxExpenseBenefit,DeferredRevenueCurrent,DeferredTaxAssetsCapitalLossCarryforwards,DeferredTaxAssetsGross,DeferredTaxAssetsLiabilitiesNet,DeferredTaxAssetsOperatingLossCarryforwards,DeferredTaxAssetsValuationAllowance,Depletion,DerivativeGainLossOnDerivativeNet,DerivativeLiabilitiesNoncurrent,DevelopmentStageEnterpriseDeficitAccumulatedDuringDevelopmentStage,DueToOfficersOrStockholdersCurrentAndNoncurrent,DueToRelatedPartiesCurrent,EarningsPerShareBasic,EarningsPerShareBasicAndDiluted,EarningsPerShareDiluted,EffectiveIncomeTaxRateReconciliationAtFederalStatutoryIncomeTaxRate,EmployeeBenefitsAndShareBasedCompensation,EmployeeBenefitsAndShareBasedCompensationNoncash,ExplorationExpenseMining,FiniteLivedIntangibleAssetsNet,ForeignCurrencyTransactionGainLossBeforeTax,GainLossOnInvestments,GainLossOnSaleOfOilAndGasProperty,GainLossOnSaleOfSecuritiesNet,GeneralAndAdministrativeExpense,GeneralInsuranceExpense,GrossProfit,ImpairmentOfIntangibleAssetsIndefinitelivedExcludingGoodwill,ImpairmentOfInvestments,ImpairmentOfLongLivedAssetsHeldForUse,ImpairmentOfOilAndGasProperties,IncomeLossAttributableToParent,IncomeLossFromContinuingOperationsBeforeIncomeTaxesMinorityInterestAndIncomeLossFromEquityMethodInvestments,IncomeLossFromEquityMethodInvestments,IncomeTaxExpenseBenefit,IncomeTaxesPaid,IncomeTaxesPaidNet,IncomeTaxReconciliationChangeInDeferredTaxAssetsValuationAllowance,IncomeTaxReconciliationChangeInEnactedTaxRate,IncomeTaxReconciliationIncomeTaxExpenseBenefitAtFederalStatutoryIncomeTaxRate,IncomeTaxReconciliationNondeductibleExpense,IncomeTaxReconciliationNondeductibleExpenseShareBasedCompensationCost,IncomeTaxReconciliationOtherAdjustments,IncreaseDecreaseInAccountsPayableAndAccruedLiabilities,IncreaseDecreaseInAccountsReceivable,IncreaseDecreaseInDeferredCharges,IncreaseDecreaseInDeferredRevenue,IncreaseDecreaseInDueToRelatedParties,IncreaseDecreaseInInventories,IncreaseDecreaseInOperatingCapital,IncreaseDecreaseInPrepaidExpense,InterestExpense,InterestExpenseDebt,InterestPaid,InterestPaidNet,InventoryNet,InventoryWriteDown,InvestmentIncomeInterest,IssuanceOfStockAndWarrantsForServicesOrClaims,LeaseAndRentalExpense,LegalFees,Liabilities,LiabilitiesAndStockholdersEquity,LiabilitiesCurrent,LicenseCosts,LoansPayableCurrent,LongTermInvestments,MarketableSecurities,MarketableSecuritiesCurrent,MarketableSecuritiesGainLoss,MarketableSecuritiesRealizedGainLoss,MarketableSecuritiesUnrealizedGainLoss,MarketingAndAdvertisingExpense,MineralPropertiesNet,NetCashProvidedByUsedInFinancingActivities,NetCashProvidedByUsedInInvestingActivities,NetCashProvidedByUsedInOperatingActivities,NetIncomeLoss,NonoperatingIncomeExpense,NotesPayableRelatedPartiesNoncurrent,NumberOfReportableSegments,OilAndGasPropertyFullCostMethodNet,OilAndGasRevenue,OperatingExpenses,OperatingIncomeLoss,OperatingLeaseCost,OperatingLossCarryforwards,OtherCommitment,OtherExpenses,OtherIncome,OtherLongTermInvestments,OtherNoncashExpense,OtherNonoperatingIncomeExpense,OtherOperatingActivitiesCashFlowStatement,PaymentsForProceedsFromPreviousAcquisition,PaymentsOfStockIssuanceCosts,PaymentsOfStockIssuanceCosts,PaymentsToAcquireMarketableSecurities,PaymentsToAcquirePropertyPlantAndEquipment,PrepaidExpenseCurrent,PrepaidExpenseNoncurrent,ProceedsFromRelatedPartyDebt,ProceedsFromRepaymentsOfRelatedPartyDebt,ProceedsFromSaleAndMaturityOfMarketableSecurities,ProceedsFromSaleOfAvailableForSaleSecurities,ProceedsFromSaleOfOilAndGasPropertyAndEquipment,ProceedsFromStockOptionsExercised,ProceedsFromWarrantExercises,ProfessionalAndContractServicesExpense,ProfessionalFees,RepaymentsOfRelatedPartyDebt,ResearchAndDevelopmentExpense,ResultsOfOperationsImpairmentOfOilAndGasProperties,RetainedEarningsAccumulatedDeficit,Revenues,RoyaltyIncomeNonoperating,SalesRevenueEnergyServices,SellingAndMarketingExpense,ShareBasedCompensation,ShareBasedCompensationArrangementByShareBasedPaymentAwardFairValueAssumptionsExpectedDividendRate,ShareBasedCompensationArrangementByShareBasedPaymentAwardFairValueAssumptionsExpectedVolatilityRate,ShareBasedCompensationArrangementByShareBasedPaymentAwardFairValueAssumptionsRiskFreeInterestRate,ShareBasedCompensationArrangementByShareBasedPaymentAwardOptionsExercisableNumber,ShareBasedCompensationArrangementByShareBasedPaymentAwardOptionsExpirationsInPeriod,ShareBasedCompensationArrangementByShareBasedPaymentAwardOptionsForfeituresInPeriod,ShareBasedCompensationArrangementByShareBasedPaymentAwardOptionsGrantsInPeriod,ShareBasedCompensationArrangementByShareBasedPaymentAwardOptionsGrantsInPeriodWeightedAverageGrantDateFairValue,ShareBasedCompensationArrangementByShareBasedPaymentAwardOptionsGrantsInPeriodWeightedAverageGrantDateFairValue,ShareBasedCompensationArrangementByShareBasedPaymentAwardOptionsOutstandingNumber,ShareBasedCompensationArrangementByShareBasedPaymentAwardOptionsOutstandingWeightedAverageExercisePrice,ShareBasedCompensationArrangementsByShareBasedPaymentAwardOptionsExercisesInPeriodWeightedAverageExercisePrice,ShareBasedCompensationArrangementsByShareBasedPaymentAwardOptionsExpirationsInPeriodWeightedAverageExercisePrice,ShareBasedCompensationArrangementsByShareBasedPaymentAwardOptionsForfeituresInPeriodWeightedAverageExercisePrice,ShareBasedCompensationArrangementsByShareBasedPaymentAwardOptionsGrantsInPeriodWeightedAverageExercisePrice,ShareBasedGoodsAndNonemployeeServicesTransactionValuationMethodExpectedDividendRate,ShareBasedGoodsAndNonemployeeServicesTransactionValuationMethodExpectedVolatilityRate,ShareBasedGoodsAndNonemployeeServicesTransactionValuationMethodRiskFreeInterestRate,SharebasedCompensationArrangementBySharebasedPaymentAwardOptionsExercisableIntrinsicValue1,SharePrice,SharePrice,ShortTermBorrowings,StockGrantedDuringPeriodValueSharebasedCompensation,StockholdersEquity,StockIssued1,StockIssuedDuringPeriodSharesNewIssues,StockIssuedDuringPeriodSharesPurchaseOfAssets,StockIssuedDuringPeriodSharesStockOptionsExercised,StockIssuedDuringPeriodValueIssuedForServices,StockIssuedDuringPeriodValueNewIssues,StockIssuedDuringPeriodValuePurchaseOfAssets,StockIssuedDuringPeriodValueStockOptionsExercised,TravelAndEntertainmentExpense,WeightedAverageNumberOfDilutedSharesOutstanding,WeightedAverageNumberOfShareOutstandingBasicAndDiluted,WeightedAverageNumberOfSharesOutstandingBasic,LeaseCost
2008-08-31,2008-11-26,10-K,Enertopia Corporation,ENRT,CIK0001346022,USD,,,,,,,,,,,,,,,,,,,,,,,,,,,,,,,,,,,,,,,,,,,,,,,,,,,,,,,,,,,,,,,,,,,,,,,,,,,,,,,,,,,,,,7139.0,,,,,,,,,,,,,,,,,,,,,,,,,-372535.0,,,,,,,,,,,,,,,,,,,,,,,,,,,,,,,,,,,,,,,,,,,,,,,,,,,,,,,,,,,,,,,,,2936124.0,,,,,,,,,,,,,
2009-08-31,2009-11-30,10-K,Enertopia Corporation,ENRT,CIK0001346022,USD,,,,,35780.0,,,,,,,,,,,,,,,,,,,,,,,,,,,,,,,,,,,,,,,,,,,,,,,,,,,,,,,,,,,,,,,,,,,,,,,,,,,,,,,,,4410.0,,,,,,,,,,,,,,,,,,,,,,,,,84233.0,,,,,,,,,,,,,,,,,,,,,,,,,,,,,,,,,,,,,,,,,,,,,,,,,,,,,,,,,,,,,,,,,3060547.0,,,,,,,,,,,,,
2010-08-31,2010-11-29,10-K,Enertopia Corporation,ENRT,CIK0001346022,USD,,,,,78858.0,,,,,,34506.0,,,,,,,,,,,,,,,,,,,,,,,,,,,,,,,,,,,,,,,,,,,,,,,,,,,,,,,,,,,,,,,,,,,,,,,,,,,2442.0,,,,,,,,,,,,,,,,,,,,,,,,,-2955141.0,,,,,,,,,,,,,,,,,,,,,,,,,,,,,,,,,,,,,,,,,,,,,,,,,,,,,,,,,,,,,,,,,429873.0,,,,,,,,,,,,,
2010-11-30,2011-01-14,10-Q,Enertopia Corporation,ENRT,CIK0001346022,USD,,,,,,,,,,,34767.0,261.0,,,,,,,,,,,,811.0,,,1187.0,1187.0,0.0,0.0,0.0,,0.0,,,,,,,0.0,0.0,,,,,-0.01,,,,,,0.0,,,,0.0,,1594.0,6498.0,-1187.0,,,,0.0,,-230787.0,-5599.0,0.0,0.0,,,,,,,,9550.0,4442.0,0.0,,10251.0,,,1736.0,3444.0,1758.0,0.0,,,,0.0,,3750.0,2768.0,,,,,,,,,-78618.0,,,586.0,,0.0,89500.0,-89239.0,-230787.0,,,,,0.0,145383.0,-146570.0,,,,4923.0,,,,0.0,,0.0,,,,0.0,,,,,,,100000.0,,,84314.0,30976.0,,,0.0,,0.0,,0.0,0.0,41950.0,,,,,,,,,,,,,,,,,,,,,,,,,,,,,,,0.0,,5719.0,,,15733729.0,
2011-02-28,2011-04-14,10-Q,Enertopia Corporation,ENRT,CIK0001346022,USD,,,,,,,,,,,23005.0,,,,,,,,,,,,,1636.0,,,-7814.0,-7814.0,0.0,0.0,,,,,,,,,,0.0,0.0,,,,,-0.01,,,,,,0.0,,,,0.0,,-1615.0,2095.0,7814.0,,,,0.0,,-220762.0,-10380.0,0.0,,,,,,,,,,,,,,,,,14892.0,,,,,,0.0,,3454.0,11144.0,,,,,,,,,24474.0,,,603.0,,,,,-220762.0,,,,,0.0,242670.0,-234856.0,,,,10633.0,,,,0.0,,,,,,,,,,,,,,,,184008.0,11169.0,,,0.0,,0.0,,0.0,846.0,,,,,,,,,,,,,,,,,,,,,,,,,,,,,,,,,,3805.0,,,15228296.0,
2011-05-31,2011-07-15,10-Q,Enertopia Corporation,ENRT,CIK0001346022,USD,,,,,,,,,,,474265.0,,,,,,,,,,,,,600.0,,,2311.0,2311.0,0.0,10050.0,,,,,,,,,,0.0,0.0,,,,,0.0,,,,,,0.0,,,,0.0,,1453.0,2095.0,-2311.0,,,,0.0,,-28123.0,20788.0,0.0,,,,,,,,,,,,,,,,,5472.0,,,,,,0.0,,3805.0,15245.0,,,,,,,,,135157.0,,,17830.0,,,,,-28123.0,,,,,0.0,181757.0,-184068.0,,,,7038.0,,,,0.0,,,,,,,,,,,,,,,,101538.0,4233.0,,,0.0,,0.0,,0.0,0.0,,,,,,,,,,,,,,,,,,,,,,,,,,,,,,,,,,12398.0,,,23823376.0,
2011-08-31,2011-11-29,10-K,Enertopia Corporation,ENRT,CIK0001346022,USD,14881.0,37243.0,5142978.0,,254443.0,-96490.0,,1173084.0,720570.0,,263152.0,228646.0,,,,,,0.001,200000000.0,24643685.0,24643685.0,,24644.0,3783.0,,,14771.0,14771.0,0.0,10050.0,0.0,29038.0,0.0,,,,,,,0.0,595227.0,300792.0,4384019.0,,73808.0,-0.01,,,,,,14094.0,,,,0.0,,7210.0,15045.0,5741.0,,0.0,,0.0,,-165405.0,-1555.0,0.0,0.0,,,,,,,,-2472.0,20340.0,29038.0,,46899.0,,,40074.0,23635.0,17928.0,0.0,,,,0.0,,14960.0,48179.0,389481.0,1173084.0,88689.0,,,261431.0,,375910.0,32836.0,,,40627.0,162045.0,795063.0,-29045.0,-537372.0,-165405.0,,0.0,,,0.0,797654.0,-791913.0,,,,31866.0,,,,0.0,0.0,0.0,,,,87045.0,44265.0,,,-50000.0,0.0,,100000.0,,,511598.0,46378.0,,,0.0,,20512.0,,20512.0,846.0,281638.0,,,,,,,,,,,,,,,,,,,,,,0.0,,783603.0,,,,,,,0.0,,29383.0,,,19893489.0,
2011-11-30,2012-01-17,10-Q,Enertopia Corporation,ENRT,CIK0001346022,USD,130414.0,34534.0,5157743.0,,4865.0,,,791810.0,244757.0,,65450.0,-197702.0,,,,,,0.001,200000000.0,24743865.0,24743865.0,,24744.0,1525.0,,,310.0,310.0,0.0,13378.0,0.0,29038.0,0.0,,,,,,,0.0,197203.0,103589.0,4726988.0,,102308.0,-0.01,,,,,,140108.0,,,,0.0,,13622.0,4356.0,-310.0,,0.0,,0.0,,-342969.0,0.0,0.0,0.0,,,,,,,,115533.0,-2709.0,0.0,,28500.0,,,-36694.0,568.0,0.0,0.0,,,,0.0,,3710.0,2297.0,336311.0,791810.0,232722.0,,,271931.0,,137202.0,-238708.0,,,2731.0,246084.0,0.0,-84539.0,-113163.0,-342969.0,,,,,0.0,301154.0,-301464.0,,,,11923.0,,,,0.0,0.0,0.0,,,,74039.0,7571.0,,,0.0,0.0,,0.0,,,69666.0,28717.0,,,0.0,,0.0,,0.0,0.0,4865.0,,,,,,,,,,,,,,,,,,,,,,,,455499.0,,,,,,,0.0,,8553.0,,,24698213.0,
2012-02-29,2012-04-16,10-Q,Enertopia Corporation,ENRT,CIK0001346022,USD,129759.0,43017.0,5167870.0,,,,,741113.0,183559.0,,33975.0,,,,,,,0.001,200000000.0,24743865.0,24743865.0,,24744.0,1054.0,,,0.0,0.0,0.0,17744.0,,29038.0,,,,,,,,0.0,0.0,187489.0,4949602.0,,130808.0,-0.01,,,,,,549.0,,,,0.0,,327.0,4357.0,0.0,,0.0,,0.0,,-138714.0,0.0,0.0,,,,,,,,,,,,,,,,,753.0,,,,,,0.0,,3826.0,7619.0,498101.0,741113.0,310612.0,,,282431.0,,89601.0,-10101.0,,,3718.0,246085.0,,,,-138714.0,,,,,0.0,128613.0,-128613.0,,,,4261.0,,,,0.0,,,,,,,16966.0,,,,,,,,,66324.0,7444.0,,,0.0,,0.0,,0.0,0.0,,,,,,,,,,,,,,,,,,,,,,,50045.0,,243012.0,,,,,,,,,10637.0,,,24743865.0,
2012-05-31,2012-07-10,10-Q,Enertopia Corporation,ENRT,CIK0001346022,USD,91451.0,53160.0,5401089.0,,,,,742401.0,151734.0,,53575.0,,,,,,,0.001,200000000.0,27067615.0,27067615.0,,27068.0,1820.0,,,0.0,0.0,0.0,22688.0,,29038.0,,,,,,,,0.0,11162.0,176327.0,5162887.0,,159308.0,-0.01,,,,,,11.0,,,,0.0,,4205.0,4357.0,0.0,,0.0,,0.0,,-213285.0,0.0,0.0,,,,,,,,,,,,,,,,,1683.0,,,,,,0.0,,4694.0,9023.0,477131.0,742401.0,300804.0,,,292931.0,,29239.0,-60362.0,,,2017.0,268698.0,,,,-213285.0,,,,,0.0,164085.0,-164085.0,,,,12177.0,,,,0.0,,,,,,,15760.0,,,,,,,,,75530.0,4066.0,,,0.0,,0.0,,0.0,0.0,,,,,,,,,,,,,,,,,,,,,,,50045.0,,265270.0,,,,,,,,,16576.0,,,25982139.0,
2012-08-31,2012-11-29,10-K,Enertopia Corporation,ENRT,CIK0001346022,USD,126770.0,56724.0,5472701.0,,66953.0,,,481187.0,88647.0,0.0,13692.0,-249460.0,,,,,,0.001,200000000.0,27827615.0,27827615.0,,27828.0,5460.0,,,310.0,310.0,0.0,87759.0,0.0,0.0,0.0,,,,,,,0.0,291003.0,9789.0,5393754.0,,187808.0,-0.04,,,,,,175103.0,,,,0.0,,17880.0,21543.0,-310.0,,197910.0,,0.0,,-1009735.0,-4824.0,0.0,0.0,,,,,,,,111888.0,22439.0,-29038.0,,72000.0,,,-33534.0,5120.0,0.0,0.0,,,,0.0,,16047.0,19084.0,374412.0,481187.0,364623.0,,,100697.0,,7500.0,-312168.0,,,12052.0,291843.0,291001.0,-48557.0,-491904.0,-1009735.0,,0.0,,,0.0,782568.0,-782878.0,,,,31594.0,,,,-2958.0,2958.0,0.0,,,,104798.0,10731.0,,,50045.0,56241.0,,0.0,,,299519.0,44488.0,,,0.0,,0.0,,0.0,0.0,66953.0,,,,,,,,,,,,,,,,,,,,,,50045.0,,106775.0,,,,,,,0.0,,41681.0,,,25688882.0,
2012-11-30,2013-01-14,10-Q,Enertopia Corporation,ENRT,CIK0001346022,USD,168597.0,32036.0,5576774.0,,,,,520758.0,82218.0,,31978.0,18286.0,,,,,,0.001,200000000.0,30154415.0,30154415.0,,30154.0,947.0,,,0.0,0.0,0.0,0.0,0.0,,0.0,,,,,,,0.0,9789.0,0.0,5510620.0,,205808.0,0.0,,,,,,10070.0,,,,0.0,,96.0,4116.0,0.0,,0.0,,0.0,,-116866.0,0.0,0.0,0.0,,,,,,,,41827.0,-24688.0,0.0,,18000.0,,,3723.0,2532.0,0.0,0.0,,,,0.0,,3936.0,0.0,424450.0,520758.0,424450.0,,,100697.0,,3750.0,-3750.0,,,3692.0,337843.0,100399.0,-40000.0,-42113.0,-116866.0,,,,,0.0,122905.0,-122905.0,,,,11047.0,,,,0.0,0.0,0.0,,,,40000.0,14454.0,,,0.0,0.0,,0.0,,,52252.0,32205.0,,,0.0,,0.0,,0.0,0.0,0.0,,,,,,,,,,,,,,,,,,,,,,50045.0,,96308.0,,,,,,,0.0,,2012.0,,,25688882.0,
2013-02-28,2013-04-10,10-Q,Enertopia Corporation,ENRT,CIK0001346022,USD,197467.0,36011.0,5576775.0,,,,,493386.0,55696.0,,5597.0,,,,,,,0.001,200000000.0,30154415.0,30154415.0,,30154.0,1128.0,,,0.0,0.0,0.0,0.0,,0.0,,,,,,,,0.0,0.0,0.0,5584862.0,,223807.0,0.0,0.0,,,,,3310.0,,,,0.0,,1829.0,4116.0,0.0,,0.0,,0.0,,-74242.0,-850.0,0.0,,,,,,,,,,,,,,,,,1716.0,,,,,,0.0,,3919.0,1186.0,471319.0,493386.0,471319.0,,,99847.0,,3750.0,0.0,,,201.0,337843.0,,,,-74242.0,,,,,0.0,73392.0,-73392.0,,,,2221.0,,,,0.0,,,,,,,10338.0,,,,,,,,,49655.0,4111.0,,,0.0,,0.0,,0.0,0.0,,,,,,,,,,,,,,,,,,,,,,,50045.0,,22067.0,,,,,,,,,0.0,,30154415.0,30154415.0,
2013-05-31,2013-07-12,10-Q,Enertopia Corporation,ENRT,CIK0001346022,USD,236700.0,7884.0,5622896.0,,,,,315036.0,30045.0,,,,,,,,,0.001,200000000.0,30314415.0,30314415.0,,30314.0,584.0,,,0.0,0.0,0.0,0.0,,,,,,,,,,0.0,0.0,0.0,5805727.0,,180808.0,-0.01,-0.01,,,,,0.0,,,,0.0,,-314.0,4117.0,0.0,,0.0,,140980.0,,-220866.0,0.0,0.0,,,,,,,,,,,,,,,,,1287.0,,,,,,0.0,,3465.0,1094.0,467553.0,315036.0,467553.0,,,88128.0,,3750.0,0.0,,,923.0,196863.0,,,,-220866.0,,,,,0.0,79886.0,-79886.0,,,,5076.0,0.0,,,0.0,,,,,,,14835.0,,,,,,,,,46282.0,12307.0,,,0.0,,0.0,,0.0,0.0,,,,,,,,,,,,,,,,,,,,,,,50045.0,,-152517.0,,,,,,,,,5065.0,,30314415.0,30314415.0,
2013-08-31,2013-12-06,10-K,Enertopia Corporation,ENRT,CIK0001346022,USD,354928.0,10268.0,5622895.0,,,,,54469.0,54468.0,32197.0,1341.0,-24702.0,,,,,,0.001,200000000.0,30314415.0,30314415.0,0.0,30314.0,5568.0,,,0.0,0.0,0.0,0.0,0.0,,,0.0,,,,,,0.0,19578.0,0.0,6124658.0,,123610.0,-0.02,-0.02,,,,,26760.0,,,,0.0,,-11102.0,40614.0,0.0,,111862.0,,675686.0,,,-1700.0,,0.0,,,,,,,,456316.0,-92912.0,0.0,,-17728.0,,,-7636.0,13748.0,0.0,0.0,,,,0.0,,25564.0,4996.0,525918.0,54469.0,525918.0,0.0,,1.0,,3750.0,-7500.0,,,10874.0,0.0,200800.0,-80000.0,-145502.0,-1461808.0,,,,0.0,0.0,684638.0,-684638.0,,,,51662.0,0.0,,0.0,0.0,0.0,0.0,,,,80000.0,6912.0,,,0.0,0.0,,0.0,0.0,,378178.0,115658.0,,,0.0,0.0,0.0,,0.0,0.0,0.0,,,,,,,,,,,,,,,,,,,,,,47380.0,,-471449.0,,,,,,,0.0,,22118.0,,29897481.0,29897481.0,
2013-11-30,2014-01-14,10-Q,Enertopia Corporation,ENRT,CIK0001346022,USD,340058.0,13030.0,6235822.0,,35197.0,,,569845.0,165844.0,32197.0,89051.0,87710.0,,,,,,0.001,200000000.0,44084415.0,44084415.0,15000.0,44084.0,0.0,,,0.0,0.0,0.0,14000.0,0.0,,,,,,,,,0.0,0.0,,6274067.0,,161568.0,0.0,0.0,,,,,0.0,,,,0.0,,2052.0,4200.0,0.0,,0.0,,0.0,,,0.0,,0.0,,,,,,,,-14870.0,2763.0,,,37958.0,,,-4097.0,346.0,0.0,0.0,,,,0.0,0.0,546.0,0.0,,569845.0,564006.0,0.0,,1.0,,3750.0,0.0,,,29261.0,,151000.0,0.0,-63290.0,-149409.0,,,,4000.0,0.0,149409.0,-149409.0,,,,8946.0,0.0,,0.0,0.0,26500.0,0.0,,,,0.0,27816.0,,,0.0,0.0,,0.0,0.0,,66021.0,18724.0,,,0.0,,0.0,,0.0,0.0,35197.0,,,,,,,,,,,,,,,,,,,,,,47380.0,,5839.0,,,,,,,0.0,,460.0,,30154415.0,34198261.0,
2014-02-28,2014-04-15,10-Q,Enertopia Corporation,ENRT,CIK0001346022,USD,285851.0,38360.0,11277067.0,,,,,5182450.0,1070822.0,0.0,970316.0,,,,,,,0.001,200000000.0,80731262.0,80731262.0,,80731.0,229.0,,,0.0,0.0,0.0,12629.0,,,,,,,,,,0.0,0.0,,6596871.0,,135672.0,,-0.01,,,,,0.0,,,,0.0,,10149.0,4586.0,0.0,,0.0,,0.0,,,-8982.0,,,,,,,,,,,,,,,,,,2878.0,,,,,,0.0,,1958.0,9772.0,421523.0,5182450.0,421523.0,76594.0,,,,3750.0,0.0,,,44197.0,,,,,-322804.0,,,,4000.0,0.0,237228.0,-237228.0,,,,6722.0,0.0,,,0.0,,,,,,,58396.0,,,,,,,,,124784.0,3951.0,,0.0,0.0,,0.0,,0.0,0.0,,,,,,,,,,,,,,,,,,,,,,,0.0,,4760927.0,,,,,,,,,10848.0,,52105091.0,,
2014-05-31,2014-07-14,10-Q,Enertopia Corporation,ENRT,CIK0001346022,USD,243000.0,33405.0,13994152.0,,,,,6829466.0,1961637.0,0.0,,,,,,,,0.001,200000000.0,88957414.0,88957414.0,,88957.0,555.0,,0.0,0.0,0.0,0.0,30055.0,,,,,,,,,,0.0,0.0,,7569553.0,,72910.0,,-0.01,,,,,0.0,,,,0.0,,7588.0,3103.0,0.0,,0.0,,0.0,,,-123799.0,,,,,,,,,,,,,,,,,,1032.0,,,,,,,,25624.0,35679.0,,6829466.0,315910.0,0.0,,0.0,,453750.0,150000.0,,,34886.0,,,,,-972682.0,,,,4000.0,0.0,1298883.0,-1298883.0,,,,15045.0,300000.0,,,0.0,,,,,,,258583.0,,,,,,,,,1087592.0,12570.0,,0.0,0.0,,0.0,,0.0,0.0,,,,,,,,,,,,,,,,,,,,,,,0.0,,6513556.0,,,,,,,,,22050.0,,86529895.0,,
2014-08-31,2014-12-01,10-K,Enertopia Corporation,ENRT,CIK0001346022,USD,226916.0,42264.0,14070611.0,,,,,2262499.0,1488227.0,0.0,888122.0,1773562.0,,,,,,0.001,200000000.0,90870747.0,90870747.0,,90870.0,3518.0,,0.0,0.0,0.0,0.0,88368.0,0.0,,,280000.0,,,,,,0.0,0.0,,10765663.0,,72910.0,,-0.14,,,,,0.0,,,,0.0,,63958.0,27878.0,0.0,,938096.0,,4000.0,,,0.0,,0.0,,,,,,,,-239870.0,19610.0,0.0,,-117554.0,0.0,,13150.0,9490.0,0.0,0.0,,0.0,,,,90294.0,157356.0,579826.0,2262499.0,579826.0,3765720.0,,1.0,,323750.0,0.0,,,341554.0,,6168452.0,7468.0,-4402358.0,-9282010.0,,,,,0.0,4718038.0,-4718038.0,,,,102364.0,143844.0,0.0,2664020.0,0.0,1020026.0,0.0,,,,0.0,234091.0,,,-94760.0,0.0,,0.0,257000.0,,3561732.0,88138.0,,0.0,0.0,-1713145.0,0.0,,0.0,4398.0,1546882.0,,,,,,,,,,,,,,,,,,,,,,0.0,,1682673.0,,,,,,,0.0,,113186.0,,131789678.0,,
2014-11-30,2015-01-14,10-Q,Enertopia Corporation,ENRT,CIK0001346022,USD,243025.0,49942.0,12550279.0,,,,,1484662.0,1093593.0,,620149.0,-267973.0,,,,,,,,,,,75653.0,789.0,,0.0,0.0,0.0,0.0,6735.0,0.0,,,270000.0,,,,,,0.0,0.0,,11727205.0,,72910.0,,-0.01,,,,,0.0,,,,0.0,,6217.0,2049.0,0.0,,30000.0,,0.0,,,0.0,,0.0,,,,,,,,16110.0,7678.0,0.0,,0.0,0.0,,-103542.0,393.0,0.0,0.0,,,,,0.0,24095.0,23521.0,,1484662.0,585935.0,384000.0,,1.0,,293750.0,0.0,,,48749.0,,0.0,0.0,-267973.0,-961542.0,-404000.0,,,,0.0,557542.0,-557542.0,,,,8752.0,10000.0,,384000.0,0.0,-10000.0,0.0,,,,0.0,129752.0,,,0.0,0.0,,0.0,0.0,,398197.0,35416.0,,0.0,0.0,0.0,0.0,,0.0,0.0,177595.0,,,,,,,,,,,,,,,,,,,,,,,,898727.0,,,,,,,,,2629.0,,80906329.0,,
2015-02-28,2015-04-14,10-Q,Enertopia Corporation,ENRT,CIK0001346022,USD,234016.0,57934.0,12620679.0,,,,,1197606.0,807333.0,,370768.0,,,,,,,0.001,200000000.0,77318460.0,77318460.0,,77318.0,1056.0,,0.0,0.0,0.0,0.0,11738.0,,,,260000.0,,,,,,0.0,0.0,,12067317.0,,72910.0,,0.0,,,,,0.0,,,,0.0,,1487.0,1826.0,0.0,,0.0,,0.0,,,0.0,,,,,,,,,,,,,,,,,,771.0,,,,17864.0,,,,21257.0,5444.0,566926.0,1197606.0,566926.0,0.0,,1.0,,293750.0,0.0,,,83060.0,,,,,-340111.0,,,,,0.0,350111.0,-350111.0,,,,15902.0,10000.0,,,0.0,,,,,,,67017.0,,,,,,,,,193358.0,5212.0,,5364.0,0.0,0.0,0.0,,0.0,183.0,,,,,,,,,,,,,,,,,,,,,,,,,630680.0,,,,,,,,,3059.0,,75921710.0,,
2015-05-31,2015-07-14,10-Q,Enertopia Corporation,ENRT,CIK0001346022,USD,211248.0,41724.0,11308661.0,,,,,483785.0,483784.0,,187380.0,,,,,,,0.001,200000000.0,77908460.0,77908460.0,,77908.0,886.0,,570.0,,,,9207.0,,,,50000.0,,,,,,,,,11230542.0,,72910.0,,0.0,,,,,0.0,,,,,,1146.0,3257.0,1028.0,,6270.0,,,,,0.0,,,,,,,,,,,,,,,,,,360.0,,,,40470.0,,,,20607.0,5679.0,,483785.0,334158.0,-960000.0,,1.0,,183751.0,90000.0,,,52214.0,,,,,-123225.0,,,,,,217983.0,-216955.0,,,,4742.0,10000.0,,,,,,,,,,30459.0,,,,,,,,,101453.0,7337.0,,1826.0,,-6400.0,,,1598.0,3014.0,,,,,,,,,,,,,,,,,,,,,,,,,149627.0,,,,,,,,,6255.0,,77842904.0,,
2015-08-31,2015-11-25,10-K,Enertopia Corporation,ENRT,CIK0001346022,USD,208749.0,23653.0,11884661.0,,,,,366110.0,343927.0,,84157.0,-803965.0,,,,,,0.001,200000000.0,71508460.0,71508460.0,0.0,71508.0,3444.0,,3796.0,,,,35265.0,,,,40000.0,,,,,,,,,,,76288.0,,-0.01,,,,,0.0,,,,,58200.0,9523.0,11565.0,4836.0,,6270.0,0.0,0.0,,,,,0.0,,,,,,,,-21116.0,2855.0,46226.0,,5614.0,38336.0,,-218258.0,2108.0,,0.0,,38335.0,0.0,,,72284.0,37855.0,325037.0,366110.0,325037.0,0.0,,0.0,,181950.0,58200.0,,,209494.0,0.0,98237.0,3000.0,-905202.0,-1149433.0,,,,,,1249216.0,-1244380.0,,,,33653.0,43017.0,22183.0,0.0,,3226.0,,,,,0.0,15832.0,0.0,,0.0,3000.0,,,0.0,,752319.0,52757.0,,8459.0,,0.0,,,8632.0,3514.0,177596.0,,,,,,,,,,,,,,,,,,,,,,,,41073.0,,,,,,,,,16582.0,,77119448.0,,
2015-11-30,2016-01-06,10-Q,Enertopia Corporation,ENRT,CIK0001346022,USD,249262.0,27212.0,11920797.0,,,,,294871.0,272688.0,,46500.0,-37657.0,,,,,,0.001,200000000.0,71508460.0,71508460.0,,71508.0,530.0,,6016.0,,,,5005.0,,,,30000.0,,,,,,,,,,,88288.0,,0.0,,,,,0.0,,,,,29386.0,-1804.0,4433.0,5794.0,,0.0,,,,,,,0.0,,,,,,,,40513.0,3559.0,10000.0,,12000.0,-5689.0,,-10551.0,1987.0,,0.0,,32645.0,,,,6148.0,21698.0,367550.0,294871.0,367550.0,0.0,,1.0,,161050.0,29386.0,,,10561.0,,0.0,50287.0,-87944.0,-149888.0,39386.0,,,,,195068.0,-189274.0,,,,9298.0,10000.0,22182.0,0.0,10000.0,0.0,,,,,0.0,5281.0,,,,50287.0,,,,,90881.0,40000.0,,3148.0,,0.0,,,11810.0,1780.0,36136.0,,,,,,,,,,,,,,,,,,,,,,,,-72679.0,,,,,,,,,737.0,,71508460.0,,
2016-02-29,2016-04-12,10-Q,Enertopia Corporation,ENRT,CIK0001346022,USD,249788.0,4755.0,11922668.0,,,,,153100.0,130917.0,,38345.0,,,,,,,0.001,200000000.0,71608460.0,71608460.0,,71608.0,815.0,,1499.0,,,,1363.0,,,,20000.0,,,,,,,,,,,108098.0,,0.0,,,,,0.0,,,,,,7746.0,4428.0,705.0,,0.0,,,,,,,,,,,,,,,,,,,,,,,2629.0,,,,31539.0,,,,5324.0,4083.0,,153100.0,377886.0,0.0,,1.0,,42990.0,-74435.0,,,10002.0,,,,,-154078.0,,,,,,90348.0,-89643.0,,,,12952.0,10000.0,22182.0,,10000.0,,,,,,,13288.0,,,,,,,,,50605.0,-12039.0,,1460.0,,0.0,,,2204.0,21.0,,,,,,,,,,,,,,,,,,,,,,,,,-224786.0,,,,,,,,,959.0,,71536238.0,,
2016-05-31,2016-07-11,10-Q,Enertopia Corporation,ENRT,CIK0001346022,USD,250798.0,15560.0,12058565.0,,,,,223842.0,117909.0,,29119.0,,,,,,,0.001,200000000.0,81761793.0,81761793.0,,81762.0,662.0,,596.0,,,,0.0,,,,10000.0,,,,,,,,,,,125818.0,,0.0,,,,,5000.0,,,,,,3475.0,3783.0,-352.0,,0.0,0.0,,,,,,,,,,,,,,,,,,,,,,1337.0,,,,30917.0,,,,5395.0,6411.0,,223842.0,386616.0,,,1.0,,24585.0,2495.0,,,10112.0,83750.0,,,,-84037.0,,,,,,96180.0,-96532.0,,,,4493.0,10000.0,22182.0,,,,,,,,,17728.0,,,,,,,,,46777.0,8002.0,,0.0,,-12303101.0,,,244.0,86.0,,,,,,,,,,,,,,,,,,,,,,,,,-162774.0,,,,,,,,,647.0,,73164577.0,,
2016-08-31,2016-11-29,10-K,Enertopia Corporation,ENRT,CIK0001346022,USD,236242.0,11012.0,12214934.0,,,,,240364.0,144112.0,,31034.0,-53123.0,,,,29412139.0,,0.001,200000000.0,89528460.0,89528460.0,1334.0,89528.0,3266.0,,8335.0,,,,54500.0,,,,0.0,,,,,,,,,,,138923.0,,-0.01,,,,,11437.0,,-8089.0,,,-40865.0,4493.0,16192.0,5980.0,,0.0,0.0,,,,,,0.0,,,,,,,,30160.0,-12641.0,40000.0,,62637.0,-7489.0,,67454.0,6780.0,,0.0,,0.0,30845.0,,,22285.0,35876.0,,240364.0,376499.0,,,1.0,,18780.0,-39966.0,,,42134.0,83750.0,232602.0,98601.0,-384326.0,-525501.0,,,,,,470400.0,-464420.0,,,,31920.0,40000.0,1.0,,,0.0,,,,,19000.0,83286.0,12500.0,,,117601.0,,,12000.0,,196904.0,40993.0,,4608.0,,0.0,,,14315.0,1887.0,37107.0,,,,,,,,,,3210000.0,0.07,,,,,,,,,,,,,-136135.0,,,,,1000.0,,,,3373.0,,81096334.0,,
2016-11-30,2017-01-13,10-Q,Enertopia Corporation,ENRT,CIK0001346022,USD,224172.0,13611.0,12355197.0,,,,,216631.0,108379.0,,32841.0,1807.0,,,,,,0.001,200000000.0,93562031.0,93562031.0,0.0,93562.0,697.0,,0.0,,,,27255.0,,,,,,,,,,,,,,,150009.0,,0.0,,,,,31509.0,,0.0,,,12599.0,-2379.0,3548.0,0.0,,,,,,,,,0.0,,,,,,,,-13404.0,2599.0,0.0,,11086.0,0.0,,-26759.0,1252.0,,0.0,,,,,,4724.0,6336.0,,216631.0,374181.0,,,1.0,,5400.0,12599.0,,,23144.0,95750.0,97651.0,20979.0,-116823.0,-165712.0,,,,,,178311.0,-178311.0,,,,11268.0,,1.0,,0.0,,,,,,5000.0,56527.0,12500.0,,,25979.0,,,,,39128.0,14800.0,,0.0,,,,,0.0,0.0,39646.0,,,,,,,,,,,,,,,,,,,,,,,,-157550.0,,,,,,,,,527.0,,81823821.0,,
2017-02-28,2017-04-10,10-Q,Enertopia Corporation,ENRT,CIK0001346022,USD,233675.0,18466.0,12623660.0,,,,,307309.0,189058.0,,93155.0,,,,,,,0.001,200000000.0,98812031.0,98812031.0,0.0,98812.0,886.0,,0.0,,,,55935.0,,,,,,,,,,,,,,,183001.0,,0.0,,,,,1160.0,,0.0,,,,2983.0,3219.0,0.0,,1.0,,,,,,,,,,,,,,,,,,,,,,,561.0,,,,,,,,4114.0,1758.0,,307309.0,416676.0,,,1.0,,0.0,-282.0,,,55935.0,95750.0,,,,-225529.0,,,,,,225246.0,-225246.0,,,,7157.0,,0.0,,0.0,,,,,,,77437.0,22500.0,,,,,,,,10958.0,6563.0,,0.0,,,,,0.0,0.0,124746.0,,,,,,,,,,,,,,,,,,,,,,,,-109367.0,,,,,,,,,5206.0,,93670835.0,,
2017-05-31,2017-07-12,10-Q,Enertopia Corporation,ENRT,CIK0001346022,USD,209550.0,6773.0,12875361.0,,,,,298495.0,275994.0,,222702.0,,,,,,,0.001,200000000.0,102298031.0,102298031.0,0.0,102299.0,651.0,,0.0,,,,38049.0,,,,,,,,,,,,,,,194151.0,,0.0,,,,,10810.0,,0.0,,,,-472.0,3001.0,0.0,,0.0,95750.0,0.0,,,,,,,,,,,,,,,,,,,,,242.0,,,,,,,,3776.0,3397.0,,298495.0,403701.0,,,1.0,156500.0,0.0,0.0,,,38049.0,0.0,,,,-251027.0,,,,,,155277.0,-155277.0,,,,7475.0,0.0,0.0,,,,,,,,,46519.0,22500.0,,,,,,,,62930.0,4468.0,,0.0,,,,,0.0,0.0,10843.0,,,,,,,,,,,,,,,,,,,,,,,,-105206.0,,,,,,,,,8464.0,,102298031.0,,
2017-08-31,2017-11-14,10-K,Enertopia Corporation,ENRT,CIK0001346022,USD,287706.0,9060.0,12901936.0,,,,,191213.0,178712.0,,150870.0,119836.0,,,,39191810.0,,0.001,200000000.0,102298031.0,102298031.0,0.0,102299.0,2972.0,,0.0,,,,119302.0,,,,,,,,,,,,,,141035.0,141035.0,,-0.01,,,,,61609.0,,9144.0,,,12316.0,4338.0,12770.0,0.0,,,95750.0,0.0,,,,,0.0,,,,,,,,51464.0,-1952.0,0.0,,2112.0,0.0,250029.0,-64504.0,2210.0,,0.0,,,0.0,,,15824.0,11100.0,,191213.0,428741.0,,,1.0,,0.0,12316.0,12316.0,,,0.0,464011.0,26096.0,-370271.0,-801166.0,,,,,,726875.0,-726875.0,,,,30432.0,0.0,0.0,,,,,,,,5000.0,18782.0,12500.0,,,31096.0,,,0.0,,136585.0,64455.0,,20810.0,,,,,0.0,,227428.0,0.0,,,,,250000.0,4335000.0,,,7295000.0,0.07,,,0.06,0.07,,,,,,,,,-237528.0,,,,,,,,,15397.0,,97249025.0,,
2017-11-30,2018-01-10,10-Q,Enertopia Corporation,ENRT,CIK0001346022,USD,289191.0,14209.0,13031466.0,,,,,138836.0,126335.0,,51593.0,-99277.0,,,,,,0.001,200000000.0,104898031.0,104898031.0,0.0,104899.0,-203.0,,0.0,,,,12651.0,,,,,,,,,,,,,,,148385.0,,0.0,,,,,0.0,,589.0,,,0.0,1775.0,3002.0,0.0,,,,,,,,,0.0,,,,,,,,1485.0,5149.0,,,7350.0,,177580.0,41752.0,357.0,,0.0,,,,,,1362.0,3748.0,,138836.0,437576.0,,,1.0,,,0.0,,,,,100893.0,0.0,-200170.0,-193341.0,,,,,,193930.0,-193930.0,,,,11804.0,,,,,,,,,,0.0,60533.0,12500.0,,,0.0,,,,,10700.0,6118.0,,108748.0,,,,,0.0,0.0,31237.0,0.0,2.04,0.0203,,,,,,,,,,,,,,,,,,,,,-298739.0,,,,,,,,,2631.0,,102504606.0,,
2018-02-28,2018-04-06,10-Q,Enertopia Corporation,ENRT,CIK0001346022,USD,271632.0,1453.0,13247143.0,,,,,154368.0,141867.0,,32487.0,,,,,36432670.0,,0.001,200000000.0,110753031.0,110753031.0,,110754.0,74.0,,,,,,38852.0,,,,,,,,,,,,,,,159491.0,,0.0,,,,,6083.0,,-1398.0,,,,2088.0,4275.0,,,0.0,,,,,,,,,,,,,,,,,,,,,,,380.0,,,,,,,,1371.0,3219.0,,154368.0,431123.0,,,1.0,,,0.0,,,,,,,,-199548.0,,,,,,198150.0,-198150.0,,,,7632.0,,,,,,,,,,,107927.0,12500.0,,,,,,,,11000.0,15852.0,,102996.0,,,,,,,0.0,,,,,,,,,,7855000.0,0.07,,,,,,,,,,,,,-276755.0,,,,,,,,,4328.0,,109574975.0,,
2018-05-31,2018-07-09,10-Q,Enertopia Corporation,ENRT,CIK0001346022,USD,271479.0,5982.0,13498148.0,,,,,254524.0,254523.0,,126069.0,,,,,40227060.0,,0.001,200000000.0,119739931.0,115169931.0,,115171.0,19.0,,,,,,44413.0,,,,,,,,,,,,,,183955.0,183955.0,,0.0,,,,,4135.0,,1756.0,,,,45.0,3100.0,,,0.0,,12500.0,,,,,,,,,,,,,,,,,,,,,335.0,,,,,,,,1331.0,2790.0,,254524.0,455434.0,,,1.0,,,0.0,,,,,,,,-179577.0,,,,,,168833.0,-168833.0,,,,5362.0,,,,,,,,,,,122472.0,0.0,,,,,,,,10897.0,16212.0,,18429.0,,13814229.0,,,,,58359.0,,,,,,,,,,8740000.0,0.07,,,,,,,,,,,,,-200910.0,,,,,,,,,3406.0,,111337357.0,,
2018-08-31,2018-11-21,10-K,Enertopia Corporation,ENRT,CIK0001346022,USD,278036.0,7504.0,13594497.0,89596.0,,,,271690.0,271690.0,,176409.0,25539.0,,,,40739060.0,,0.001,200000000.0,127471700.0,119739931.0,,119741.0,1791.0,,,,,,129437.0,,,,,4526.0,2764446.0,0.0,2722136.0,2764446.0,,,,,,171234.0,,-0.01,,,,,,,274.0,,,,4186.0,13477.0,,,,0.0,12500.0,,-650055.0,,0.0,0.0,,-1411467.0,1553449.0,-164680.0,22698.0,,,-9670.0,-1556.0,,,30199.0,,-177580.0,68995.0,1282.0,,0.0,,,,,,5379.0,11318.0,449270.0,271690.0,449270.0,,,0.0,,,0.0,,,,,620407.0,0.0,-594868.0,-727644.0,,,1.0,,,637828.0,-637828.0,,12963000.0,3500.0,31659.0,,,,,,,,3103.0,,0.0,87777.0,0.0,,,0.0,,,33000.0,,44604.0,52490.0,,230550.0,,-13891818.0,,,,,89596.0,0.0,2.04,0.0193,,,,1885000.0,,,8570000.0,0.07,0.05,,,0.06,,,,0.0,,,,,-177580.0,,,,610000.0,,,,,10594.0,,109821751.0,,
2018-11-30,2019-01-14,10-Q,Enertopia Corporation,ENRT,CIK0001346022,USD,285025.0,9147.0,13639247.0,,,,,230631.0,230631.0,,137915.0,-38494.0,,,,39219989.0,,0.001,200000000.0,121964931.0,121964931.0,,121966.0,0.0,,,,,,36209.0,,,,,,,,,,,,,,,171010.0,,0.0,,,,,,,-735.0,,,,1552.0,2902.0,,,,,,,,,,0.0,,,,,,,,6989.0,1643.0,,,-224.0,,225404.0,-4208.0,209.0,,0.0,,,,,,1321.0,1922.0,,230631.0,456035.0,,,,,,,,,,,46975.0,,-85469.0,-94799.0,,,,,,94064.0,-94064.0,,,3500.0,14158.0,,,,,,,,,,,83569.0,,,,,,,,,12450.0,11122.0,,0.0,,13986617.0,,,,,0.0,0.0,0.0,0.0,,250000.0,,0.0,,,8320000.0,0.07,,0.06,,0.0,,,,0.0,,,,,-225404.0,,,,,,,,,3047.0,,120081488.0,,
2019-02-28,2019-04-09,10-Q,Enertopia Corporation,ENRT,CIK0001346022,USD,303552.0,2355.0,13639247.0,,,,,65323.0,65323.0,,11477.0,,,,,33722489.0,,0.001,200000000.0,121964931.0,121964931.0,,121966.0,,,,,,,34173.0,,,,,,,,,,,,,,,191631.0,,0.0,,,,,,,-817.0,,,,2471.0,3140.0,,,,,,,,,,,,,,,,,,,,,,,,,,272.0,,,,,,,,2375.0,2748.0,,65323.0,495183.0,,,,,,,,,,,,,,-204456.0,,,,,,203639.0,-203639.0,,,3500.0,7317.0,,,,,,,,,,,51491.0,,,,,,,,,10500.0,15001.0,,4423.0,,-14191073.0,,,,,,,,,,,,,,,8320000.0,0.07,,,,,,,,,,,,,-429860.0,,,,,,,,,5859.0,,111337357.0,,
2019-05-31,2019-07-05,10-Q,Enertopia Corporation,ENRT,CIK0001346022,USD,277280.0,4827.0,13730801.0,,,,,63817.0,63817.0,,14202.0,,,,,29394792.0,,0.001,200000000.0,127471700.0,127471700.0,,127473.0,,,,,,,20460.0,,,,,,,,,,,,,,,186464.0,,0.0,,,,,,,1262.0,,,,666.0,2994.0,,,,,,,,,,,,,,,,,,,,,,,,,,307.0,,,,,,,,1462.0,1628.0,,63817.0,463744.0,,,,,,,,,,,,,,-67128.0,,,,,,68390.0,-68390.0,,,3500.0,7543.0,,,,,,,,,,,44788.0,,,,,,,,,10500.0,13896.0,,6163.0,,-14258201.0,,,,,,,,,,,,,,,8320000.0,0.07,,,,,,,,,,,,,-399927.0,,,,,,,,,1764.0,,123276066.0,,
2019-08-31,2019-11-27,10-K,Enertopia Corporation,ENRT,CIK0001346022,USD,283430.0,6225.0,13730801.0,,,,,46245.0,46245.0,,9758.0,-166651.0,,,,26141459.0,0.001,0.001,200000000.0,127471700.0,127471700.0,,127473.0,,,,,,,101668.0,,,,,4526.0,2853138.0,0.0,2787648.0,2853138.0,,,,,,203221.0,,0.0,,0.21,,,,,-3380.0,,,,4016.0,12031.0,,,,,,,-422341.0,,0.0,0.0,,88692.0,0.0,-88692.0,0.0,,,5394.0,-1279.0,,,31987.0,,-455885.0,-57515.0,1192.0,178.0,0.0,,,,,,6627.0,7175.0,502130.0,46245.0,502130.0,,15479.0,,,0.0,,,,,,159337.0,,-325988.0,-478299.0,,,1.0,,,418961.0,-418961.0,,13275000.0,3500.0,34858.0,,,,,,,,,,,30262.0,,15301.0,,,,,,,49873.0,54196.0,,14729.0,,-14314159.0,,,,,,0.0,0.0,0.0,,250000.0,,,,,8320000.0,0.07,,0.06,,,,,,,,,,,-455885.0,,,,,,,,,10173.0,,124205582.0,,
2019-11-30,2020-01-15,10-Q,Enertopia Corporation,ENRT,CIK0001346022,USD,287242.0,7437.0,13741290.0,,,,,26656.0,26656.0,,7407.0,-2351.0,,,,23541459.0,,0.001,200000000.0,128471700.0,128471700.0,,128473.0,,-49607.0,,,,,5735.0,,,,,,,,,,,,,,,217560.0,0.0,0.0,0.0,,,,,,-100.0,,,,127.0,3605.0,,,,,,,,,,0.0,0.0,,,,,,,3812.0,1212.0,,,14339.0,,-494003.0,-18450.0,545.0,378.0,0.0,0.0,,,,,1474.0,2390.0,,26656.0,520659.0,,15857.0,,,,,,,,,,,-2351.0,-49607.0,,,1.0,,,49507.0,-49507.0,,,3500.0,5710.0,,,,,,,,,,,11812.0,,,,,,,,,10500.0,6349.0,,494.0,,-14363766.0,,,,,,,,,,1000000.0,,,,,7320000.0,0.07,,0.1,,,,,,,,,,,-494003.0,,,,,,11489.0,,,,127834337.0,127834337.0,127834337.0,
2020-02-29,2020-04-09,10-Q,Enertopia Corporation,ENRT,CIK0001346022,USD,276984.0,599.0,13758598.0,,,,,151464.0,151464.0,,132077.0,,,,,17668459.0,,0.001,200000000.0,128471700.0,128471700.0,,128473.0,,145785.0,,,,,5754.0,,,,,,,,,,,,,,,205390.0,0.0,0.0,0.0,,,,,,1434.0,,,,9.0,,,,,,,,,,,,,,,,,,,,,,,,,,,517.0,,,,,,,,489.0,5020.0,,151464.0,482374.0,,,,,,,,,,,,,,145785.0,,,,,,55649.0,-55649.0,,,,10029.0,,,,,,,,,,,18788.0,,,,,,,,,,15476.0,,,,-14217981.0,,200000.0,,,17308.0,,,,,,,,,,9320000.0,0.05,,,,,,,,,,,,17308.0,-330910.0,,,,,,,,,,128471700.0,128471700.0,128471700.0,
2020-05-31,2020-07-14,10-Q,Enertopia Corporation,ENRT,CIK0001346022,USD,271769.0,855.0,13758598.0,,,,,104577.0,104577.0,,92783.0,,,,,13236869.0,,0.001,200000000.0,128471700.0,128471700.0,,128473.0,,-30797.0,,,,,6677.0,,,,,,,,,,,,,,,194515.0,0.0,0.0,0.0,,,,,,2382.0,,,,802.0,,,,,,,,,,,,,,,,,,,,,,,,,,,321.0,,,,,,,,,780.0,,104577.0,466284.0,,,,,,,,,,,,,,-30797.0,,,,,,33179.0,-33179.0,,,,1959.0,,,,,,,,,,,10939.0,,,,,,,,,13322.0,8006.0,,266.0,,-14248778.0,,,,,,,,,,,,,,,9320000.0,0.05,,,,,,,,,,,,,-361707.0,,,,,,,,,,128471700.0,128471700.0,128471700.0,
2020-08-31,2020-11-04,10-K,Enertopia Corporation,ENRT,CIK0001346022,USD,290336.0,1508.0,13758598.0,17308.0,,,,86214.0,86214.0,,45528.0,35770.0,,35770.0,0.05,13236869.0,0.001,0.001,200000000.0,128471700.0,128471700.0,,128473.0,,-31249.0,,,,,22510.0,,,,,4526.0,2853193.0,0.0,2776534.0,2837893.0,,,,,,188834.0,,0.0,,0.21,,,,,1067.0,,,,990.0,3605.0,,,,,,-34132.0,34132.0,,0.0,,,-15244.0,4441.0,-7168.0,3635.0,,,6696.0,-4717.0,,,-14387.0,,-785912.0,-15438.0,1651.0,699.0,,666.0,,,,,1963.0,8688.0,479170.0,86214.0,479170.0,,,,24354.0,24354.0,,,3201.0,,,-15968.0,178847.0,-127109.0,34132.0,,,1.0,,,170136.0,-170136.0,1963.0,13220000.0,3500.0,19851.0,,,,,,,,,21153.0,,14824.0,,,,,,,,,26822.0,48314.0,15968.0,1702.0,,-14280027.0,,200000.0,,,17308.0,,1.63,0.0116,,1000000.0,,2000000.0,,,9320000.0,0.06,,0.1,,0.02,,,,,,,,,-392956.0,,,,,,11489.0,,,,,128313230.0,,
2020-11-30,2021-01-13,10-Q,Enertopia Corporation,ENRT,CIK0001346022,USD,292883.0,2318.0,13774048.0,,,,,321564.0,321564.0,,257275.0,211747.0,211747.0,,,13236869.0,0.001,,200000000.0,128471700.0,128471700.0,,128473.0,,222603.0,,,,,4247.0,,,,,,,,,,,,,,,183584.0,0.0,,0.0,,,,,,-1290.0,,,,977.0,,,,,,,,,,,,0.0,,,,,,,2547.0,810.0,,,-5250.0,,-154903.0,7718.0,225.0,0.0,,0.0,,,,,0.0,3913.0,,321564.0,476467.0,,,,39429.0,39429.0,,894.0,16250.0,,,0.0,252069.0,-40322.0,222603.0,,,,,,43251.0,-43251.0,,,3500.0,6816.0,,,,,,,,,,,22542.0,,,,2069.0,,,,0.0,3000.0,5235.0,,1984.0,,-14057424.0,,250000.0,,,15450.0,0.0,1.49,0.004,,1100000.0,,500000.0,0.03,,8720000.0,0.06,,0.05,,0.05,,,,,,,,15450.0,-154903.0,,,,,,15450.0,,,0.0,128940297.0,,128471700.0,0.0
2021-02-28,2021-04-14,10-Q,Enertopia Corporation,ENRT,CIK0001346022,USD,274510.0,1025.0,14007059.0,,,,,583225.0,514225.0,,416246.0,,,,0.05,14696869.0,0.001,,200000000.0,136231700.0,136231700.0,,494346.0,,-295225.0,,,,,11427.0,,,,,,,,,,,,,,,159959.0,0.0,,0.0,,,,,69000.0,-1040.0,,,,289.0,,,,,,,,,,,,,,,,,,,,,,,,,,,329.0,,,,,,,,1722.0,7252.0,,583225.0,434469.0,,,,43200.0,43200.0,,21610.0,11997.0,,,,,,-295225.0,,,,,,327792.0,-327792.0,,,3500.0,7122.0,,,,,,,,,,,53754.0,,,,,,,,,10500.0,11026.0,,1349.0,,-14352649.0,,,,,273236.0,,,,9826776.0,,,,,,10226776.0,0.08,,,,,,,,882363.0,0.1426,,,273236.0,148756.0,,,,2720000.0,,,69000.0,75048.0,,132405922.0,,132405922.0,
2021-05-31,2021-07-08,10-Q,Enertopia Corporation,ENRT,CIK0001346022,USD,282803.0,3940.0,14006152.0,,,,,501407.0,432407.0,,325156.0,,,,0.05,14696869.0,,0.001,200000000.0,136431700.0,136431700.0,,518258.0,,-91064.0,,,,,7855.0,,,,,,,,,,,,,,,137909.0,0.0,,0.0,,,,,69000.0,-2347.0,,,,1956.0,,,,,,,,,,,,,,,,,,,,,,,,,,,285.0,,,,,,,,2639.0,11236.0,,501407.0,420712.0,,,,15204.0,15204.0,,30984.0,-33717.0,,,,,,-91066.0,,,,,,85986.0,-85986.0,,,3500.0,20178.0,,,,,,,,,,,88107.0,,,,,,,,,15801.0,13373.0,,2645.0,,-14443715.0,,,,,9005.0,,,,7126776.0,,,,,,10176776.0,0.08,,,,,,,,263198.0,0.0965,,,9005.0,80695.0,,,,2920000.0,,,,14000.0,,136563844.0,,136563844.0,
2021-08-31,2021-11-10,10-K,Enertopia Corporation,ENRT,CIK0001346022,USD,309277.0,4552.0,14524341.0,,,,69000.0,415095.0,415095.0,,354286.0,,,308758.0,0.05,9716869.0,,0.001,200000000.0,139211700.0,139211700.0,,139213.0,75.0,-225680.0,,,,,34268.0,,,,,4526.0,2837893.0,0.0,2795131.0,2853193.0,,,,,,111659.0,,0.0,,0.21,,,,,-3394.0,53488.0,,,4708.0,,,69000.0,,,,-389368.0,,,0.0,,,15300.0,3952.0,-81767.0,62515.0,,,18941.0,3044.0,,,-77175.0,,-5841.0,26439.0,1416.0,,,,,,,,,83307.0,420936.0,415095.0,420936.0,,,,14994.0,14994.0,,53488.0,-5680.0,,,409792.0,307168.0,-408202.0,-389368.0,,,1.0,,,614782.0,-614782.0,7042.0,13310000.0,3500.0,35828.0,,,,,,,,,17705.0,,41263.0,,,,21385.0,,,95992.0,133800.0,85338.0,44655.0,,12566.0,,-14669395.0,,250000.0,,,297691.0,,,,3626776.0,1100000.0,1100000.0,5150000.0,,,10076776.0,0.08,0.02,0.05,0.05,0.08,,,,48589.0,,0.0629,,297691.0,-5841.0,,,,3020000.0,,,69000.0,102936.0,,,134809673.0,,
2021-11-30,2022-01-13,10-Q,Enertopia Corporation,ENRT,CIK0001346022,USD,289052.0,6068.0,14675996.0,,,,,412097.0,412097.0,,360430.0,,6144.0,,0.05,6473369.0,,0.001,200000000.0,142002700.0,142002700.0,,142004.0,,-116219.0,,,,,11748.0,,,,,,,,,,,,,,,90659.0,0.0,,0.0,,,,,,288.0,,,,389.0,,,,,,,,,,,,0.0,,,,,,,-20225.0,1516.0,,,-21000.0,,,-11107.0,464.0,0.0,,0.0,,,,,,19585.0,,412097.0,379711.0,,,,15443.0,15443.0,,0.0,449.0,,,131390.0,0.0,-125246.0,-116219.0,,,1.0,,,116956.0,-116956.0,,,3500.0,6005.0,,,,,,,,,,,30156.0,,,,0.0,,,,131390.0,34036.0,2670.0,,5225.0,,-14785614.0,,0.0,,,23056.0,0.0,0.92,0.0078,226776.0,500000.0,500000.0,500000.0,0.05,,10076776.0,0.08,,,0.07,0.08,,,,6577.0,,0.049,,23056.0,32386.0,,,,,,,,,4093.0,141549184.0,,141549184.0,2631.0
