end,filed,form,Name,Ticker,CIK,Currency,AccountsPayableAndAccruedLiabilitiesCurrent,AccountsPayableRelatedPartiesCurrent,AccruedLiabilitiesCurrent,AdditionalPaidInCapital,AdjustmentForAmortization,AmortizationOfIntangibleAssets,AntidilutiveSecuritiesExcludedFromComputationOfEarningsPerShareAmount,Assets,AssetsCurrent,AvailableForSaleDebtSecuritiesAmortizedCostBasis,Cash,CashAndCashEquivalentsAtCarryingValue,CashAndCashEquivalentsFairValueDisclosure,CashAndCashEquivalentsPeriodIncreaseDecrease,CashCashEquivalentsRestrictedCashAndRestrictedCashEquivalentsPeriodIncreaseDecreaseExcludingExchangeRateEffect,CommonStockParOrStatedValuePerShare,CommonStockSharesAuthorized,CommonStockSharesIssued,CommonStockSharesOutstanding,CommonStockValue,CommonStockValueOutstanding,CumulativeEarningsDeficit,CurrentFederalTaxExpenseBenefit,CurrentStateAndLocalTaxExpenseBenefit,DebtConversionConvertedInstrumentWarrantsOrOptionsIssued1,DebtInstrumentInterestRateStatedPercentage,DeferredIncomeTaxLiabilities,DeferredRevenue,DeferredRevenueCurrent,DeferredTaxAssetsGross,DeferredTaxAssetsLiabilitiesNet,DeferredTaxAssetsNet,DeferredTaxAssetsOperatingLossCarryforwards,DeferredTaxAssetsValuationAllowance,DeferredTaxAssetsValuationAllowanceCurrent,Depreciation,DueToOfficersOrStockholdersCurrent,DueToRelatedPartiesCurrent,DueToRelatedPartiesCurrentAndNoncurrent,EarningsPerShareBasicAndDiluted,EffectiveIncomeTaxRateContinuingOperations,EffectiveIncomeTaxRateReconciliationAtFederalStatutoryIncomeTaxRate,EffectiveIncomeTaxRateReconciliationChangeInDeferredTaxAssetsValuationAllowance,EffectiveIncomeTaxRateReconciliationDeductionsEmployeeStockOwnershipPlanDividends,EffectiveIncomeTaxRateReconciliationOtherAdjustments,FiniteLivedIntangibleAssetsNet,GainsLossesOnExtinguishmentOfDebt,GeneralAndAdministrativeExpense,IncomeLossFromContinuingOperations,IncomeLossFromContinuingOperationsBeforeIncomeTaxesDomestic,IncomeLossFromContinuingOperationsBeforeIncomeTaxesExtraordinaryItemsNoncontrollingInterest,IncomeTaxExpenseBenefit,IncomeTaxesPaid,IncomeTaxesPaidNet,IncreaseDecreaseInAccountsPayableAndAccruedLiabilities,IncreaseDecreaseInAccruedLiabilities,IncreaseDecreaseInDeferredRevenue,IncreaseDecreaseInDueFromRelatedParties,IncreaseDecreaseInDueToRelatedParties,IncreaseDecreaseInTradingSecurities,IncrementalCommonSharesAttributableToCallOptionsAndWarrants,IncrementalCommonSharesAttributableToConversionOfDebtSecurities,IncrementalCommonSharesAttributableToWrittenPutOptions,InterestExpense,InterestExpenseDebt,InterestPaid,InterestPaidNet,Investments,IssuanceOfStockAndWarrantsForServicesOrClaims,Liabilities,LiabilitiesAndStockholdersEquity,LiabilitiesCurrent,LoansAndLeasesReceivableRelatedPartiesAdditions,LongTermDebt,LongTermDebtCurrent,LongTermNotesPayable,NetCashProvidedByUsedInFinancingActivities,NetCashProvidedByUsedInInvestingActivities,NetCashProvidedByUsedInOperatingActivities,NetCashProvidedByUsedInOperatingActivitiesContinuingOperations,NetIncomeLoss,NonoperatingIncomeExpense,NotesPayable,NotesPayableCurrent,NotesPayableRelatedPartiesCurrentAndNoncurrent,OperatingExpenses,OperatingIncomeLoss,OperatingLossCarryforwards,OtherGeneralExpense,PaymentsToAcquireLand,PaymentsToAcquireLandHeldForUse,PaymentsToAcquirePropertyPlantAndEquipment,ProceedsFromIssuanceOfCommonStock,ProceedsFromIssuanceOfOtherLongTermDebt,ProceedsFromIssuanceOrSaleOfEquity,ProceedsFromRelatedPartyDebt,ProceedsFromRepaymentsOfRelatedPartyDebt,ProfitLoss,PropertyPlantAndEquipmentAdditions,PropertyPlantAndEquipmentNet,RepaymentsOfRelatedPartyDebt,RetainedEarningsAccumulatedDeficit,Revenues,SellingAndMarketingExpense,ShareBasedCompensationArrangementByShareBasedPaymentAwardFairValueAssumptionsExpectedDividendRate,ShareBasedCompensationArrangementByShareBasedPaymentAwardFairValueAssumptionsExpectedVolatilityRate,ShareBasedCompensationArrangementByShareBasedPaymentAwardFairValueAssumptionsRiskFreeInterestRate,ShareBasedCompensationArrangementByShareBasedPaymentAwardOptionsExercisableNumber,ShareBasedCompensationArrangementByShareBasedPaymentAwardOptionsExercisableWeightedAverageExercisePrice,ShareBasedCompensationArrangementByShareBasedPaymentAwardOptionsGrantsInPeriod,ShareBasedCompensationArrangementByShareBasedPaymentAwardOptionsOutstandingIntrinsicValue,ShareBasedCompensationArrangementByShareBasedPaymentAwardOptionsOutstandingNumber,ShareBasedCompensationArrangementByShareBasedPaymentAwardOptionsOutstandingWeightedAverageExercisePrice,ShareBasedCompensationArrangementsByShareBasedPaymentAwardOptionsGrantsInPeriodWeightedAverageExercisePrice,SharesOutstanding,StockholdersEquity,StockIssuedDuringPeriodValueIssuedForServices,StockIssuedDuringPeriodValuePurchaseOfAssets,TaxCreditCarryforwardValuationAllowance,WeightedAverageNumberDilutedSharesOutstandingAdjustment,WeightedAverageNumberOfDilutedSharesOutstanding,WeightedAverageNumberOfShareOutstandingBasicAndDiluted,WeightedAverageNumberOfSharesIssuedBasic,WeightedAverageNumberOfSharesOutstandingBasic
2014-12-31,2015-03-31,10-K,Tribal Rides International Corp.,XNDA,CIK0001624985,USD,,,4213.0,-2000.0,,,,7000.0,7000.0,0.0,,7000.0,7000.0,,,0.0001,50000000.0,25000000.0,25000000.0,2500.0,2500.0,,,,,,,1000.0,1000.0,,0.0,-1092.0,-3213.0,0.0,1092.0,,,4500.0,,,,,,,,,,,,,,,,,,,,,,,,,,,,,,,,,7000.0,9713.0,,,,,,,,,,,,,,,,,,,,,,,,,,,,,,-3213.0,,,,,,,,,,,,,,-2713.0,,,-0.34,,,,,
2015-03-31,2015-05-15,10-Q,Tribal Rides International Corp.,XNDA,CIK0001624985,USD,,,4213.0,,,,,10950.0,10950.0,,,8880.0,,1880.0,,0.0001,50000000.0,5000000.0,5000000.0,500.0,,,,,0.0,,,,0.0,,0.0,0.0,0.0,0.0,,,,4500.0,,0.0002,0.0,0.34,-0.34,,,,,,4950.0,4950.0,,0.0,,,,0.0,-1000.0,0.0,0.0,,0.0,0.0,0.0,0.0,,,,,,,10950.0,8713.0,,,,,0.0,-2070.0,3950.0,3950.0,4950.0,,,,,550.0,4950.0,,,,,,0.0,,,,,,,,,1737.0,5500.0,,,,,,,,,,,,,2237.0,,,,,25000000.0,25000000.0,25000000.0,
2015-06-30,2015-08-19,10-Q,Tribal Rides International Corp.,XNDA,CIK0001624985,USD,,,4213.0,17054.0,,,,26527.0,26527.0,1231.0,,25296.0,,,,0.0001,50000000.0,25957500.0,25957500.0,2596.0,,,,,,,,,0.0,1828.0,,0.0,5377.0,1828.0,,,,500.0,,0.0,,,,,,,,,427.0,427.0,,0.0,,,,,,,,,,,,0.0,,,,,,,26527.0,4713.0,,,,,,,,,427.0,,,,,3073.0,427.0,0.0,,,,,,,,,,,,,,2164.0,3500.0,,,,,,,,,,,,,21814.0,,,,,,25140577.0,,
2015-09-30,2015-11-20,10-Q,Tribal Rides International Corp.,XNDA,CIK0001624985,USD,,,4713.0,17054.0,,,,28027.0,28027.0,1231.0,,26796.0,,,,0.0001,50000000.0,25957500.0,25957500.0,2596.0,,,,,,,,,0.0,2168.0,0.0,,6377.0,2168.0,,,,500.0,,0.0,,,,,,,,,1000.0,1000.0,,0.0,,,,,,,,,,,,0.0,,,,,,,28027.0,5213.0,,,,,,,,,1000.0,,,,,1000.0,1000.0,0.0,,,,,,,,,,,,,,3164.0,2000.0,,,,,,,,,,,,,22814.0,,,,,,25957599.0,,
2015-12-31,2016-03-30,10-K,Tribal Rides International Corp.,XNDA,CIK0001624985,USD,,,4713.0,17054.0,,,,22438.0,22438.0,,,21190.0,21190.0,14190.0,,0.0001,50000000.0,25957500.0,25957500.0,,2596.0,,,,0.0,,,0.0,,,,825.0,,0.0,-825.0,,,500.0,500.0,0.0,,,,,,,,,788.0,788.0,,0.0,,,,500.0,-1000.0,0.0,-4000.0,,,,,0.0,,,,1248.0,,,22438.0,5213.0,,,,0.0,15150.0,0.0,-960.0,,788.0,,,,,10229.0,788.0,,,,,,19150.0,,,,,,,,,-2425.0,11017.0,,,,,,,,,,,,,17225.0,,,-0.34,,25469917.0,25591497.0,25591497.0,
2016-03-31,2016-05-16,10-Q,Tribal Rides International Corp.,XNDA,CIK0001624985,USD,,,4713.0,17054.0,,,,12357.0,12357.0,,,9109.0,9109.0,-12081.0,,0.0001,50000000.0,25957500.0,25957500.0,,2596.0,,,,0.0,,,0.0,,,,-4252.0,,0.0,4252.0,,,500.0,,0.0,,,,,,,,,-10081.0,-10081.0,-10081.0,0.0,,,,-2500.0,0.0,0.0,-500.0,,,,,0.0,,,,3248.0,,,12357.0,5213.0,,,,,-500.0,-2000.0,-10081.0,,-10081.0,,,,,10081.0,,,,2000.0,,,0.0,,,,,,,,,-12506.0,0.0,,,,,,,,,,,,,7144.0,,,-0.34,,25957500.0,25957500.0,25957500.0,
2016-06-30,2016-08-15,10-Q,Tribal Rides International Corp.,XNDA,CIK0001624985,USD,,,2213.0,17054.0,,,,4197.0,4197.0,,,879.0,879.0,,,0.0001,50000000.0,25957500.0,25957500.0,,2596.0,,,,,,,0.0,,,,-5182.0,,0.0,5182.0,,,0.0,,0.0,,,,,,,,,-5160.0,-5160.0,-5160.0,0.0,,,,,,,,,,,,0.0,,,,3318.0,,,4197.0,2213.0,,,,,,,,,-5160.0,,,,,5499.0,,,,,,,,,,,,,,,,-17666.0,339.0,,,,,,,,,,,,,1984.0,,,-0.34,,,25957500.0,,
2016-09-30,2016-11-14,10-Q,Tribal Rides International Corp.,XNDA,CIK0001624985,USD,,,2213.0,17054.0,,,,3359.0,3359.0,,,41.0,41.0,,,0.0001,50000000.0,25957500.0,25957500.0,,2596.0,,,,,,,0.0,,,,-6478.0,,0.0,6478.0,,,550.0,550.0,0.0,,,,,,,,,-1388.0,-1388.0,-1388.0,0.0,,,,,,,,,,,,0.0,,,,3318.0,,,3359.0,2763.0,,,,0.0,,,,,-1388.0,,,,,1388.0,,,,,,,,,,,,,,,,-19054.0,0.0,,,,,,,,,,,,,596.0,,,-0.34,,,25957500.0,,
2016-12-31,2017-03-01,10-K,Tribal Rides International Corp.,XNDA,CIK0001624985,USD,,500.0,11500.0,17054.0,,,,3571.0,3571.0,,,44.0,44.0,-21146.0,,0.0001,50000000.0,25957500.0,25957500.0,2596.0,2596.0,,,,0.0,,,0.0,0.0,9547.0,,0.0,28079.0,9547.0,-9547.0,,500.0,500.0,500.0,0.001,0.0,0.34,0.34,,,,,,,-25654.0,-25654.0,0.0,,,,6787.0,0.0,0.0,0.0,,,,,0.0,,,,3527.0,,,3571.0,12000.0,,,,,0.0,-2279.0,-18867.0,,-25654.0,,,,,27583.0,-25654.0,,,,2279.0,,0.0,,,0.0,,,,,0.0,-28079.0,1929.0,,,,,,,,,,,,,17225.0,,,-0.34,0.0,25957500.0,25591497.0,25957500.0,25957500.0
2017-03-31,2017-05-15,10-Q,Tribal Rides International Corp.,XNDA,CIK0001624985,USD,,,10000.0,25483.0,,,,1017.0,1017.0,,,1017.0,,973.0,,0.0001,50000000.0,25957500.0,25957500.0,2596.0,,,,,,,,,,,,,,,,,,1017.0,1017.0,0.0,,,,,,,,,,,-10000.0,0.0,0.0,,,10000.0,,,,,,,,,,0.0,,,,,1017.0,11017.0,,,,,973.0,0.0,0.0,,-10000.0,,,,,10000.0,-10000.0,,,,0.0,,,,,1017.0,-44.0,,,,44.0,-38079.0,0.0,,,,,,,,,,,,,-10000.0,,,,,,25957500.0,,
2017-06-30,2017-08-14,10-Q,Tribal Rides International Corp.,XNDA,CIK0001624985,USD,,,17784.0,25483.0,,,,1017.0,1017.0,,,1017.0,,,,0.0001,50000000.0,25957500.0,25957500.0,2596.0,,,,,,,,,,,,,,,,,,9451.0,9451.0,0.0,,,,,,,,,,,-16218.0,0.0,,,,,,,,,,,,,,,,,,,1017.0,27235.0,,,,,,,,,-16218.0,,,,,16218.0,-16218.0,,,,,,,,,,,,,,,-54297.0,0.0,,,,,,,,,,,,,-26218.0,,,,,,25957500.0,,
2017-09-30,2017-11-14,10-Q,Tribal Rides International Corp.,XNDA,CIK0001624985,USD,,,9634.0,25483.0,,,,1017.0,1017.0,,,1017.0,,,,0.0001,50000000.0,25957500.0,25957500.0,2596.0,,,,,,,,,,,,,,,,,,41392.0,41392.0,0.0,,,,,,,,,,,-23791.0,0.0,,,,,,,,,,,,,,,,,,,1017.0,51026.0,,,,,,,,,-23791.0,,,,,23791.0,-23791.0,,,,,,,,,,,,,,,-78088.0,0.0,,,,,,,,,,,,,-50009.0,,,,,,25957500.0,,
2017-12-31,2020-01-22,10-K,Tribal Rides International Corp.,XNDA,CIK0001624985,USD,,41667.0,46263.0,17054.0,,,,1017.0,1017.0,,,1017.0,,973.0,,0.0001,50000000.0,5857500.0,5857500.0,2596.0,,,,,,,,,0.0,26685.0,,0.0,78484.0,26685.0,,,,41667.0,500.0,0.0,0.0,0.34,0.34,,,,,,,,-78484.0,0.0,,,,37834.0,0.0,,,,,,,0.0,,,,0.0,,,1017.0,87930.0,41392.0,,,0.0,41623.0,0.0,-40650.0,,-78484.0,,500.0,500.0,500.0,78484.0,-78484.0,78484.0,,,0.0,,,,0.0,41667.0,,,,,44.0,-106563.0,0.0,,,,,,,,,,,,,-78484.0,,,,0.0,25957500.0,5857500.0,,25957500.0
2018-03-31,2020-01-22,10-Q,Tribal Rides International Corp.,XNDA,CIK0001624985,USD,,,53508.0,25483.0,,,,1017.0,1017.0,,,1017.0,,0.0,,0.0001,50000000.0,25957500.0,25957500.0,2596.0,,-94158.0,,,,,,,,,,,,,,,,41667.0,,0.0,,,,,,,,,,,,0.0,0.0,,,15674.0,,,,,,,,,,0.0,,0.0,,,1017.0,95175.0,0.0,,,,973.0,0.0,0.0,,-15674.0,,,,,15674.0,-15674.0,,,,0.0,,,,,0.0,,,,,0.0,-122237.0,0.0,,,,,,,,,,,,,-94158.0,,,,,,25957300.0,,
2018-06-30,2020-01-22,10-Q,Tribal Rides International Corp.,XNDA,CIK0001624985,USD,,,64108.0,25483.0,,,,1017.0,1017.0,,,1017.0,,,,0.0001,50000000.0,5857500.0,5857500.0,2596.0,,-104758.0,,,,,,,,,,,,,,,,41667.0,,0.0,,,,,,,,,,,,0.0,,,,,,,,,,,,,,,,0.0,,,1017.0,105775.0,,,,,,,,,-1200.0,,,,,1200.0,-1200.0,,,,,,,,,,,,,,,-132837.0,0.0,,,,,,,,,,,,,-104758.0,,,,,,25957300.0,,
2018-09-30,2020-01-22,10-Q,Tribal Rides International Corp.,XNDA,CIK0001624985,USD,,,64708.0,25483.0,,,,1017.0,1017.0,,,1017.0,,,,0.0001,50000000.0,5857500.0,5857500.0,2596.0,,-105358.0,,,,,,,,,,,,,,,,41667.0,,0.0,,,,,,,,,,,,0.0,,,,,,,,,,,,,,,,0.0,,,1017.0,106375.0,,,,,,,,,-23135.0,,,,,23135.0,-23135.0,,,,,,,,,,,,,,,-133437.0,0.0,,,,,,,,,,,,,-105358.0,,,,,,25957300.0,,
2018-12-31,2020-01-22,10-K,Tribal Rides International Corp.,XNDA,CIK0001624985,USD,,41667.0,65308.0,25483.0,,,,1017.0,1017.0,,,0.0,,0.0,,0.0001,50000000.0,5857500.0,5857500.0,2596.0,,,,,,,,,0.0,,,0.0,,9341.0,,,,41667.0,500.0,0.0,0.0,0.34,0.34,,,,,,,,-27474.0,0.0,,,,27474.0,0.0,,,,,,,0.0,,,,0.0,,,1017.0,106975.0,0.0,,,0.0,0.0,0.0,0.0,,-27474.0,,0.0,0.0,0.0,27474.0,-27474.0,27474.0,,,0.0,,,,0.0,0.0,,,,,0.0,-134037.0,0.0,,,,,,,,,,,,,-47529.0,,,,0.0,5857500.0,5857500.0,,5857500.0
2019-03-31,2020-01-23,10-Q,Tribal Rides International Corp.,XNDA,CIK0001624985,USD,,,65908.0,25483.0,,,,1017.0,1017.0,,,1017.0,,0.0,,0.0001,50000000.0,25957300.0,25957300.0,2596.0,,-106558.0,,,,,,,,,,,,,,,,41667.0,,0.0,,,,,,,,,,,-600.0,0.0,0.0,,,600.0,,,,,,,,,,0.0,,0.0,,,1017.0,107575.0,0.0,,,,0.0,0.0,0.0,,-600.0,,,,,600.0,-600.0,,,,0.0,,,,,0.0,,,,,0.0,-134637.0,0.0,,,,,,,,,,,,,-106558.0,,,,,,5857500.0,,
2019-06-30,2020-01-23,10-Q,Tribal Rides International Corp.,XNDA,CIK0001624985,USD,,,66508.0,25483.0,,,,1017.0,1017.0,,,1017.0,,,,0.0001,50000000.0,25957300.0,25957300.0,2596.0,,-106558.0,,,,,,,,,,,,,,,,41667.0,,0.0,,,,,,,,,,,-600.0,0.0,,,,,,,,,,,,0.0,,,,0.0,,,1017.0,108175.0,,,,,,,,,-600.0,,,,,600.0,-600.0,,,,,,,,,,,,,,,-135237.0,0.0,,,,,,,,,,,,,-107158.0,,,,,,5857500.0,,
2019-09-30,2020-01-23,10-Q,Tribal Rides International Corp.,XNDA,CIK0001624985,USD,,,67108.0,25483.0,,,,1017.0,1017.0,,,1017.0,,,,0.0001,50000000.0,25957300.0,25957300.0,2596.0,,-106558.0,,,,,,,,,,,,,,,,41667.0,,0.0,,,,,,,,,,,-23135.0,0.0,,,,,,,,,,,,0.0,,,,0.0,,,1017.0,108775.0,,,,,,,,,-23135.0,,,,,23135.0,-23135.0,,,,,,,,,,,,,,,-135837.0,0.0,,,,,,,,,,,,,-107758.0,,,,,,5857500.0,,
2019-12-31,2020-05-11,10-K,Tribal Rides International Corp.,XNDA,CIK0001624985,USD,,0.0,11509.0,86842.0,0.0,,0.0,0.0,0.0,,0.0,0.0,,0.0,0.0,0.0001,50000000.0,11057500.0,11057500.0,1106.0,,,0.0,0.0,,,,,,,,0.0,26308.0,26308.0,,,,,500.0,0.0,0.0,0.21,-0.224,0.0,0.014,0.0,620.0,22600.0,,,-23980.0,0.0,,,,4600.0,,,0.0,,,,,2000.0,,,,,20000.0,51509.0,0.0,51509.0,,,40000.0,0.0,0.0,0.0,0.0,,-23980.0,-1380.0,0.0,0.0,0.0,22600.0,-22600.0,135837.0,,,,,,,,,,,,,,-139457.0,0.0,0.0,,,,,,,,0.0,,,,-51509.0,20000.0,,,0.0,5857500.0,6056952.0,,5857500.0
2020-03-31,2020-05-11,10-Q,Tribal Rides International Corp.,XNDA,CIK0001624985,USD,,41667.0,67108.0,25483.0,91.0,91.0,0.0,1017.0,1017.0,,,0.0,,0.0,0.0,0.0001,50000000.0,5857500.0,5857500.0,2596.0,,,,,,,,,,,,,,,,,,,,0.0,,,,,,,,4508.0,,,-7008.0,0.0,,,,1500.0,,,5417.0,,,,,500.0,500.0,,,,,,1017.0,108775.0,,,,,0.0,0.0,0.0,,-7008.0,-500.0,,,,6508.0,-6508.0,,,,,0.0,,,,,,-7008.0,,,,-135837.0,0.0,2000.0,,,,,,,,,,,,-54880.0,,3637.0,,,,33310247.0,,
2020-06-30,2020-07-20,10-Q,Tribal Rides International Corp.,XNDA,CIK0001624985,USD,,41667.0,67108.0,25483.0,,,,1017.0,1017.0,,0.0,1017.0,,,,0.0001,50000000.0,5857500.0,5857500.0,2596.0,,,,,,,,,,,,,,,,,,,,0.0,,,,,,,,7073.0,,,-8793.0,0.0,,,,,,,,,,,,500.0,,,,,,,1017.0,108775.0,,,,,,,,,-8793.0,-500.0,,,,8293.0,-8293.0,,,,,,,,,,,-8793.0,,,,-135837.0,0.0,1220.0,,,,,,,,,,,,-63673.0,,,,,,36057500.0,,
2020-09-30,2020-12-18,10-Q,Tribal Rides International Corp.,XNDA,CIK0001624985,USD,,58141.0,68171.0,25483.0,,,,0.0,0.0,,0.0,0.0,,,,0.0001,50000000.0,5857500.0,5857500.0,2596.0,,,,,,,,,,,,,,,,,,,,0.0,,,,,,,,2226.0,,,-2786.0,0.0,,,,,,,,,,,,500.0,,,,,,,0.0,126312.0,,,,,,,,,-2786.0,-500.0,,,,2286.0,-2286.0,,,,,,,,,,,-2786.0,,,,-154391.0,0.0,60.0,,,,,,,,,,,,-66459.0,,,,,,36057500.0,,
2020-12-31,2021-09-27,10-K,Tribal Rides International Corp.,XNDA,CIK0001624985,USD,26584.0,23857.0,26585.0,87979.0,364.0,,0.0,3273.0,0.0,,0.0,0.0,,,0.0,0.0001,50000000.0,36057500.0,36057500.0,3606.0,,,0.0,0.0,,0.05,,,,,,0.0,33468.0,33468.0,,,,23857.0,23857.0,0.0,0.0,0.21,-0.182,-0.028,0.0,3273.0,0.0,34156.0,,,-39296.0,0.0,,,,15076.0,,,23856.0,,,,,2000.0,2000.0,,,,0.0,90441.0,3273.0,90441.0,,40000.0,40000.0,,0.0,0.0,0.0,,-39296.0,-2000.0,,,,37296.0,-37296.0,,,,,,,,,,,,,0.0,,-178753.0,0.0,3140.0,,,,0.0,,300000.0,0.0,300000.0,0.01,0.01,,-87168.0,,3637.0,,,,35374440.0,,
2021-03-31,2021-09-28,10-Q,Tribal Rides International Corp.,XNDA,CIK0001624985,USD,,54736.0,26645.0,87979.0,123.0,123.0,0.0,15184.0,10749.0,,,10749.0,,,10749.0,0.0001,50000000.0,36057500.0,36057500.0,3606.0,,,,,,,,,,,,,,,,,,,54736.0,0.0,,,,,,4435.0,,18029.0,,,-19029.0,0.0,,,,60.0,,,30880.0,,,,,500.0,500.0,,,,,121381.0,15184.0,121381.0,,,40000.0,,0.0,-1285.0,12034.0,,-19029.0,-500.0,,,,18529.0,-18529.0,,,,,1285.0,,,,,,-19029.0,,,,-197782.0,0.0,500.0,0.0,0.383,0.0033,0.0,,0.0,,300000.0,,,,-106197.0,,,,,,36057500.0,,
2021-06-30,2021-09-28,10-Q,Tribal Rides International Corp.,XNDA,CIK0001624985,USD,27926.0,,,87979.0,,,,9219.0,3700.0,,3700.0,,,,,0.0001,50000000.0,36057500.0,36057500.0,3606.0,,,,,,,,,,,,,,,,,,58301.0,58301.0,0.0,,,,,,4312.0,,13556.0,,,-15811.0,0.0,,,,,,,,,,,,555.0,,,,,,131227.0,9219.0,131227.0,,,45000.0,,,,,,-15811.0,-555.0,,,,15256.0,-15256.0,,,,,,,,,,,-15811.0,,1207.0,,-213593.0,,1700.0,,,,0.0,0.01,,0.0,300000.0,0.01,,36057500.0,-122008.0,,,,,,36057500.0,,
2021-09-30,2021-11-15,10-Q,Tribal Rides International Corp.,XNDA,CIK0001624985,USD,64983.0,,,87979.0,,,,5569.0,277.0,,277.0,,,,,0.0001,50000000.0,36057500.0,36057500.0,3606.0,,,,,,,,,,,,,,,,,,80254.0,,0.0,,,,,,4188.0,,61908.0,,,-62660.0,0.0,,,,,,,,,,,,752.0,,,,,,190237.0,5569.0,190237.0,,,45000.0,,,,,,-62660.0,-752.0,,,,61908.0,-61908.0,,,,,,,,,,,-62660.0,,1104.0,,-276253.0,,0.0,,,,,,,,,,,,-184668.0,,,,,,36057500.0,,
