end,filed,form,Name,Ticker,CIK,Currency,AccountsPayableCurrent,AccountsPayableTradeCurrent,AccountsPayableTradeCurrentAndNoncurrent,AccountsReceivableNet,AccountsReceivableNetCurrent,AccruedLiabilities,AccruedLiabilitiesCurrent,AccruedLiabilitiesForCommissionsExpenseAndTaxes,AccruedSalariesCurrent,AccruedSalariesCurrentAndNoncurrent,AccumulatedOtherComprehensiveIncomeLossNetOfTax,AdditionalPaidInCapital,AdjustmentsToAdditionalPaidInCapitalOther,AdjustmentsToAdditionalPaidInCapitalSharebasedCompensationRequisiteServicePeriodRecognitionValue,AllocatedShareBasedCompensationExpense,AllowanceForDoubtfulOtherReceivablesCurrent,AmortizationOfDebtDiscountPremium,Assets,AssetsCurrent,Cash,CashAndCashEquivalentsAtCarryingValue,CashAndCashEquivalentsPeriodIncreaseDecrease,CashCashEquivalentsRestrictedCashAndRestrictedCashEquivalentsIncludingDisposalGroupAndDiscontinuedOperations,CashCashEquivalentsRestrictedCashAndRestrictedCashEquivalentsPeriodIncreaseDecreaseIncludingExchangeRateEffect,CashEquivalentsAtCarryingValue,CashPeriodIncreaseDecrease,ClassOfWarrantOrRightNumberOfSecuritiesCalledByWarrantsOrRights,CommonStockParOrStatedValuePerShare,CommonStockShareSubscribedButUnissuedSubscriptionsReceivable,CommonStockSharesAuthorized,CommonStockSharesIssued,CommonStockSharesOutstanding,CommonStockValue,ComprehensiveIncomeNetOfTax,ComprehensiveIncomeNetOfTaxIncludingPortionAttributableToNoncontrollingInterest,ConvertibleNotesPayableCurrent,CostsAndExpenses,DebtConversionConvertedInstrumentAmount1,DebtConversionConvertedInstrumentSharesIssued1,DebtorReorganizationItemsGainLossOnSettlementOfOtherClaimsNet1,DeferredTaxAssetsGross,DeferredTaxAssetsOperatingLossCarryforwards,DeferredTaxAssetsValuationAllowance,DueFromRelatedParties,EarningsPerShareBasicAndDiluted,EffectiveIncomeTaxRateContinuingOperations,EffectOfExchangeRateOnCashAndCashEquivalents,FairValueAdjustmentOfWarrants,ForeignCurrencyTransactionGainLossBeforeTax,GainLossRelatedToLitigationSettlement,GainsLossesOnExtinguishmentOfDebt,GeneralAndAdministrativeExpense,GuaranteedBenefitLiabilityGrossPeriodIncreaseDecrease,IncomeLossFromContinuingOperations,IncomeLossFromContinuingOperationsBeforeIncomeTaxesDomestic,IncomeLossFromContinuingOperationsBeforeIncomeTaxesExtraordinaryItemsNoncontrollingInterest,IncomeLossFromContinuingOperationsBeforeIncomeTaxesForeign,IncomeLossFromContinuingOperationsBeforeInterestExpenseInterestIncomeIncomeTaxesExtraordinaryItemsNoncontrollingInterestsNet,IncomeLossFromContinuingOperationsPerBasicShare,IncomeTaxesPaid,IncreaseDecreaseInAccountsPayable,IncreaseDecreaseInAccountsPayableAndAccruedLiabilities,IncreaseDecreaseInAccountsPayableTrade,IncreaseDecreaseInAccountsReceivable,IncreaseDecreaseInAccruedLiabilitiesAndOtherOperatingLiabilities,IncreaseDecreaseInAccruedSalaries,IncreaseDecreaseInOtherAccountsPayableAndAccruedLiabilities,IncreaseDecreaseInOtherNoncurrentAssets,IncreaseDecreaseInOtherOperatingAssets,IncreaseDecreaseInPrepaidDeferredExpenseAndOtherAssets,IncreaseDecreaseInPrepaidExpense,InterestExpense,InterestExpenseDebt,InterestExpenseOther,InterestIncomeExpenseNet,IssuanceOfStockAndWarrantsForServicesOrClaims,LegalFees,Liabilities,LiabilitiesAndStockholdersEquity,LiabilitiesCurrent,LoansPayableCurrent,NetCashProvidedByUsedInFinancingActivities,NetCashProvidedByUsedInOperatingActivities,NetIncomeLoss,NetIncomeLossAvailableToCommonStockholdersBasic,NonoperatingIncomeExpense,NotesPayableRelatedPartiesClassifiedCurrent,OperatingCostsAndExpenses,OperatingExpenses,OperatingIncomeLoss,OperatingLossCarryforwards,OtherAssetsNoncurrent,OtherComprehensiveIncomeLossForeignCurrencyTransactionAndTranslationAdjustmentNetOfTax,OtherComprehensiveIncomeLossNetOfTax,OtherExpenses,OtherNonoperatingIncome,OtherNonoperatingIncomeExpense,PreferredStockParOrStatedValuePerShare,PreferredStockSharesAuthorized,PreferredStockSharesIssued,PreferredStockSharesOutstanding,PreferredStockValue,PrepaidExpense,PrepaidExpenseAndOtherAssets,PrepaidExpenseAndOtherAssetsCurrent,PrepaidExpenseCurrent,PrepaidExpenseCurrentAndNoncurrent,ProceedsFromIssuanceInitialPublicOffering,ProceedsFromIssuanceOfCommonStock,ProceedsFromIssuanceOfDebt,ProceedsFromLoans,ProceedsFromNotesPayable,ProceedsFromRelatedPartyDebt,ProceedsFromUnsecuredNotesPayable,ResearchAndDevelopmentExpense,RetainedEarningsAccumulatedDeficit,Revenues,SellingGeneralAndAdministrativeExpense,ShareBasedCompensation,ShareBasedCompensationArrangementByShareBasedPaymentAwardNonOptionEquityInstrumentsOutstandingNumber,ShareBasedCompensationArrangementByShareBasedPaymentAwardOptionsGrantsInPeriodGross,ShareBasedCompensationSharesAuthorizedUnderStockOptionPlansExercisePriceRangeNumberOfOutstandingOptions,SharePrice,SharesIssuedPricePerShare,StockGrantedDuringPeriodValueSharebasedCompensation,StockholdersEquity,StockIssuedDuringPeriodSharesNewIssues,StockIssuedDuringPeriodValueConversionOfConvertibleSecurities,StockIssuedDuringPeriodValueIssuedForServices,StockIssuedDuringPeriodValueNewIssues,StockIssuedDuringPeriodValueShareBasedCompensation,StockOptionPlanExpense,UnrecognizedTaxBenefits,WeightedAverageNumberOfShareOutstandingBasicAndDiluted,WeightedAverageNumberOfSharesIssuedBasic,WeightedAverageNumberOfSharesOutstandingBasic
2012-12-31,2013-04-12,10-K,E-QURE CORP.,EQUR,CIK0001563536,USD,,,,,,31383.0,,,,,,2224460.0,,,,,12610.0,3809.0,3809.0,2900.0,2900.0,,,,,,,,,,,,76995.0,,,85096.0,-91985.0,,,,,,,,0.0,,,,,,,66850.0,,-66850.0,-91985.0,,,-91985.0,0.0,0.0,,,,,,,,,,,-909.0,-12525.0,,,,,,,3809.0,116476.0,,56126.0,-53226.0,-91985.0,,,,,,,,,,,-25135.0,,,,,,,0.0,909.0,,,,,,,,,,,,,,0.0,66850.0,,,,,,,,,,,,,,,,,,76227531.0
2013-03-31,2013-05-09,10-Q,E-QURE CORP.,EQUR,CIK0001563536,USD,,,,,,,,,,,,2124460.0,,,,,9763.0,2696.0,2696.0,2687.0,2687.0,,,,,,,,,,,,76995.0,,,,-30319.0,,,,,,,,,,,,,,,,,-16329.0,-30319.0,,,-30319.0,0.0,0.0,,,,,,,,,,,900.0,-4227.0,,,,,,,2696.0,127685.0,,15000.0,-15213.0,-30319.0,,,,,,,,,,,-13990.0,,,,,,,0.0,9.0,,,,,,,,,,,,,,0.0,16329.0,,,,,,,,,,,,,,,,,,
2013-06-30,2013-07-31,10-Q,E-QURE CORP.,EQUR,CIK0001563536,USD,,,,,,,,,,,,2174603.0,,,,,-15088.0,9462.0,9462.0,9453.0,,,,,,,,,,,,,76995.0,,,,-45886.0,,,,,,,,-0.06,,,,,,,26234.0,,-26234.0,-45886.0,,,-45886.0,,0.0,,,,,,,,,,,,-4564.0,,,,,,,,148194.0,,,,-45886.0,,,,,,,,,,,-19652.0,,,,,,,0.0,9.0,,,,,,,,,,,,,,0.0,,,,,,,,,,,,,,,,,,769948.0,
2013-09-30,2013-11-14,10-Q,E-QURE CORP.,EQUR,CIK0001563536,USD,,,,,,41341.0,,,,,,2280103.0,,,,,0.0,977.0,977.0,,968.0,,,,,,,,,,,,76995.0,,,126545.0,-33677.0,,,,,,,,-0.04,,,,,,,12610.0,,-12610.0,-33677.0,,,-33677.0,,0.0,,,,,,,,,,,,-21067.0,,,,,,,977.0,167886.0,,,,-33677.0,,,,,,,,,,,-21067.0,,,,,,,0.0,9.0,,,,,,,,,,,,0.0,,0.0,,,,,,,,,,,,,,,,,,769948.0,76994799.0
2013-12-31,2014-03-26,10-K,E-QURE CORP.,EQUR,CIK0001563536,USD,,,0.0,,,,,,,,,3541052.0,,,,,,76535.0,76535.0,76535.0,,73635.0,,,,,,,0.0,,,,2845.0,,,,-1168585.0,,,,,,,,-1.41,,,,,,,1090882.0,,-1090882.0,-1168585.0,,-1168585.0,,,0.0,,,,,,,,,,,909.0,-77703.0,,,,,,115348.0,76535.0,115348.0,,148920.0,-75285.0,-1168585.0,,,,,,,,,,,-77703.0,,,,,,,0.0,0.0,,,,,,,,,,,,0.0,-3582710.0,0.0,,,,,,,,,-38813.0,,,,,,,,829925.0,,82992472.0
2014-03-31,2014-05-08,10-Q,E-QURE CORP.,EQUR,CIK0001563536,USD,,,,,,,,,,,,3259349.0,,,,,-29552.0,52781.0,52781.0,52781.0,,-23754.0,,,,,,,,,,,284548.0,,,,-59029.0,,,,,,,,-0.02,,,,,,,23754.0,,-23754.0,-59029.0,,,,,0.0,,,,,,,,,,,0.0,-5723.0,,,,,,,52781.0,150623.0,,0.0,-23754.0,-59029.0,,,,,23754.0,,,,,,-35275.0,,,,,,,0.0,,,,,,,,,,,,,0.0,,0.0,23754.0,,,,,,,,,,,,,,,,2845480.0,,
2014-06-30,2014-08-19,10-Q,E-QURE CORP.,EQUR,CIK0001563536,USD,,,5730.0,,,,,,,,,3541305.0,,,,,-61514.0,2114012.0,2114012.0,2114012.0,,,,,,,,,,,,,2592.0,,,,-23816143.0,,,,,,,,-8.51,,,,,,,39499.0,,-39499.0,-23816143.0,,,,,-13939.0,,,,,,,,,,,,-5787.0,,,,,,,2114012.0,24733.0,,,,-23830082.0,,,,,,,,,,,-23776644.0,,,,,,,0.0,,,,,,,,,,,,,0.0,,0.0,,,,,,,,,2089279.0,,,,,,,,2801160.0,2801160.0,
2014-09-30,2014-11-19,10-Q,E-QURE CORP.,EQUR,CIK0001563536,USD,,,,,,,,,,,,30060749.0,,,,,0.0,1493381.0,1493381.0,1493381.0,,,,,,,,,,,,,21553.0,,,,-616103.0,,,,,,,,-0.06,,,,,,,180303.0,,-616103.0,-616103.0,,,,,0.0,,,,,,,,,,,,0.0,,,,,,19003.0,1493381.0,19003.0,,,,-616103.0,,,,,,,,,,,0.0,,,,,,,0.0,,,,,,,,,,,,,435800.0,,0.0,,,,,,,,,1474378.0,,,,,,,,9840831.0,9840831.0,
2014-12-31,2015-04-15,10-K,E-QURE CORP.,EQUR,CIK0001563536,USD,,5064.0,,,,,5064.0,,,,,30312082.0,,,,,,1376836.0,1376836.0,1376836.0,,1300301.0,,,,1300301.0,,,-270000.0,,,,220.0,,,,-25073881.0,,,,,,,,-2.41,,,,,,,350812.0,,-1162085.0,-25073881.0,,-25073881.0,,,-13939.0,,,,,,,,,,,,-11510.0,,,,,,5064.0,1376836.0,5064.0,,2225000.0,-924699.0,-25087820.0,,,,,,,,,,,-23911796.0,,,,,,,0.0,,,,,,,,,,,,,561150.0,-28670530.0,0.0,,,,,,,,,1371722.0,,,,,,,,10408138.0,,
2015-03-31,2015-05-15,10-Q,E-QURE CORP.,EQUR,CIK0001563536,USD,,1564.0,,,,,,,,,,30290289.0,,,,,0.0,1234056.0,1234056.0,1234056.0,,-142780.0,,,,-142780.0,,,-200000.0,,,,22013.0,,,,-209280.0,,,,,,,,-0.01,,,,,,,136039.0,,-209280.0,-209280.0,,,,,0.0,,,,,,,,,,,,0.0,,,,,,1564.0,1234056.0,1564.0,,70000.0,-212780.0,-209280.0,,,,,209280.0,,,,,,0.0,,,,,,,0.0,,,,,,,,,,,,,73241.0,-28879810.0,0.0,,,,,,,,,1232492.0,,,,,,,,22012562.0,22012562.0,
2015-06-30,2015-08-06,10-Q,E-QURE CORP.,EQUR,CIK0001563536,USD,,1564.0,,,,,,,,,,30290289.0,,,,,0.0,1138216.0,1138216.0,1138216.0,,,,,,,,,,,,,22013.0,,,,-195840.0,,,,,,,,-0.01,,,,,,,161618.0,,-195840.0,-195840.0,,,,,0.0,,,,,,,,,,,,0.0,,,,,,1564.0,1138216.0,1564.0,,,,-195840.0,,,,,,,,,,,0.0,,,,,,,0.0,,,,,,,,,,,,,34222.0,-29075650.0,0.0,,,,,,,,,1136652.0,,,,,,,,22012562.0,,
2015-09-30,2015-11-16,10-Q,E-QURE CORP.,EQUR,CIK0001563536,USD,,1564.0,,,,,,,,,,30290289.0,,,,,0.0,1002227.0,1002227.0,1002227.0,,,,,,,,,-100000.0,,,,22013.0,,,,-135989.0,,,0.0,,,,,-0.01,,,,,,,81679.0,,-135989.0,-135989.0,,,,,0.0,,,,,,,,,,,,0.0,,,,,,1564.0,1002227.0,1564.0,,,,-135989.0,,,,135989.0,,,,,,,0.0,,,,,,,0.0,,,,,,,,,,,,,54310.0,-29211639.0,0.0,,,,,,,,,1000663.0,,,,,,,,22012562.0,,
2015-12-31,2016-04-14,10-K,E-QURE CORP.,EQUR,CIK0001563536,USD,,1564.0,,0.0,,,1564.0,,,,,30770545.0,,,,,,880639.0,880639.0,880639.0,880639.0,-496197.0,,,,-496197.0,,,-100000.0,,,,220.0,,,,-1121160.0,,,,,,,,-0.05,,,,,,,-929421.0,,-1121160.0,-1121160.0,,,,,0.0,,-3500.0,,0.0,,,,,,,0.0,0.0,,,,,,1564.0,880639.0,1564.0,,170000.0,-666197.0,-1121160.0,,,,,,,,,,,0.0,,0.0,,,,,0.0,,,,,0.0,,,,,,,,-191739.0,-29791690.0,0.0,,,,,,,,,879075.0,,,,,,,,22012562.0,,
2016-03-31,2016-05-16,10-Q,E-QURE CORP.,EQUR,CIK0001563536,USD,,,,,,,,,,,,30885161.0,,,,,0.0,705054.0,,705054.0,,,,,,-175585.0,,,-100000.0,,,,220.0,,,,-290201.0,,,,,,,,-0.01,,,,,,,251753.0,,,-290201.0,,,,,0.0,,0.0,,,,,,,,,0.0,0.0,,,,,,1564.0,705054.0,,,0.0,-175585.0,-290201.0,,,,,290201.0,,,,,,0.0,,,,,,,0.0,,,,,,,,,,,,,38448.0,,0.0,,,,,,,,,703490.0,,,,,,,,22012562.0,22012562.0,
2016-06-30,2016-08-15,10-Q,E-QURE CORP.,EQUR,CIK0001563536,USD,,1564.0,,,,,,,,,,30999776.0,,,,,0.0,630091.0,630091.0,630091.0,630091.0,,,,,,,,-100000.0,,,,220.0,,,,-204943.0,,,,,,,,-0.01,,,,,,,197634.0,,-204943.0,-204943.0,,,,,0.0,,,,,,,,,,,,0.0,,,,,,16929.0,630091.0,16929.0,,,,-204943.0,,,,204943.0,,,,,,,0.0,,,,,,,0.0,,,,,,,,,,,,,7309.0,-30286834.0,0.0,,,,,,,,,613162.0,,,,,,,,22012562.0,,
2016-09-30,2016-11-21,10-Q,E-QURE CORP.,EQUR,CIK0001563536,USD,,1564.0,,,,,,45360.0,,,,31115652.0,,,,,0.0,436560.0,436560.0,436560.0,,,,,,,,,-100000.0,,,,220.0,,,,-339402.0,,,0.0,,,,,-0.02,,,,,,,206069.0,,-339402.0,-339402.0,,,,,0.0,,,,,,,,,,,,0.0,,,,,,46924.0,436560.0,46924.0,,,,-339402.0,,,,339402.0,,,,,,,0.0,,,,,,,0.0,,,,,,,,,,,,,133333.0,-30626236.0,0.0,,,,,,,,,389636.0,,,,,,,,22012562.0,,
2016-12-31,2017-03-31,10-K,E-QURE CORP.,EQUR,CIK0001563536,USD,1564.0,1564.0,,62816.0,62816.0,,1564.0,,,,,31171843.0,,401298.0,401298.0,0.0,,408108.0,408108.0,292976.0,292976.0,-587663.0,,,,,,0.0,0.0,500000000.0,22012562.0,22012562.0,220.0,,,,,,,,,1282879.0,1282879.0,,-0.04,,,,,281400.0,,912627.0,,,-973829.0,-973829.0,,,,0.0,,0.0,,62816.0,,,,,,,52316.0,,,,,,52316.0,1564.0,408108.0,1564.0,,0.0,-587663.0,-973829.0,,-973829.0,,,1255229.0,-1255229.0,,,,,,,281400.0,0.0,20000000.0,,,0.0,,115132.0,115132.0,52316.0,52316.0,,,,,,,,342602.0,-30765519.0,0.0,,401298.0,,,,,,,406544.0,,,,,,,,22012562.0,,
2017-03-31,2017-05-15,10-Q,E-QURE CORP.,EQUR,CIK0001563536,USD,,,,,104882.0,,1564.0,,,,,31277841.0,,,,,,172183.0,172183.0,67301.0,67301.0,-225675.0,,,,-225675.0,,,,,,,220.0,,,,,,,,,,,,-0.02,,,,,,,209078.0,,,-341923.0,-341923.0,,,,0.0,,5000.0,,-5000.0,,,,,,,-5250.0,,,,,,,1564.0,172183.0,1564.0,,0.0,-225675.0,-341923.0,,,,,341923.0,,,,,,,,,,,,,0.0,,,,,,,,,,,,,132845.0,-31107442.0,0.0,,,,,,,,,170619.0,,,,,,105998.0,,22012562.0,,
2017-06-30,2017-08-18,10-Q,E-QURE CORP.,EQUR,CIK0001563536,USD,,,,,,,47194.0,,,,,31318144.0,,,,,,107252.0,107252.0,7620.0,7620.0,,,,,,,,,,,,222.0,,,,,,,,,,,,-0.01,,,,,,,189751.0,,,-229038.0,229038.0,,,,0.0,,,,,,,,,,,,,,,,,,104366.0,107252.0,104366.0,57172.0,,,229038.0,,,,229038.0,229038.0,,,,,,,,,,,,,0.0,,99632.0,,,,,,,,,,,39287.0,-31336480.0,0.0,,,,,,,,,2886.0,,,,,,,,22188111.0,,
2017-09-30,2017-11-15,10-Q,E-QURE CORP.,EQUR,CIK0001563536,USD,,161269.0,,,,,,,,,,31321131.0,,,,,,105035.0,105035.0,15653.0,15653.0,,,,,,,,21000.0,,,,222.0,,,,,,,,,,,,-0.01,,,,,,,141155.0,,-167362.0,,-167362.0,,,,0.0,,,,,,,,,,,,-2987.0,,2987.0,,,,269511.0,105035.0,269511.0,,,,-170349.0,,-2987.0,108242.0,,167362.0,,,,,,-2987.0,,,,,,,0.0,,,89382.0,,,,,,,,,,26207.0,-31506829.0,0.0,,,,,,,,,-164476.0,,,,,,,,22411263.0,,
2017-12-31,2018-04-17,10-K,E-QURE CORP.,EQUR,CIK0001563536,USD,1564.0,1564.0,,,,,228150.0,,228150.0,228150.0,,31325044.0,,107176.0,107176.0,0.0,,95344.0,31962.0,,10962.0,-282014.0,10962.0,,,,,0.0,,500000000.0,22237562.0,22237562.0,222.0,,,,,,,,710105.0,710105.0,710105.0,,-0.04,0.35,,,,,,621817.0,,,,-853168.0,,,,,,228150.0,,-62618.0,,,,,63382.0,-93934.0,-31316.0,,,6900.0,,,21000.0,,95344.0,367765.0,138051.0,138051.0,-420065.0,-853168.0,,-853168.0,138051.0,,846268.0,-846268.0,2028871.0,63382.0,,,,,-6900.0,0.0,25000000.0,,,,,,,21000.0,,,,138051.0,,,138051.0,,224451.0,-31618687.0,,,167303.0,,,750000.0,,,,-272421.0,,,60128.0,,,,,22169754.0,,
2018-03-31,2018-05-24,10-Q,E-QURE CORP.,EQUR,CIK0001563536,USD,298159.0,,,,,,,,0.0,,,31328893.0,,,0.0,,,74961.0,11579.0,,3329.0,-7633.0,,,,,,0.0,,500000000.0,22237562.0,22237562.0,222.0,,,,,,,,,,,,0.0,,,,,,,105812.0,,,,-110705.0,,,,,,68445.0,,,,,,,,-12750.0,-12750.0,,,,,,,,74961.0,454238.0,,18028.0,-25661.0,-110705.0,,,156079.0,,110705.0,,,63382.0,,,,,,0.0,20000000.0,,,,,,,8250.0,,,,18028.0,,18028.0,18028.0,,4893.0,-31729392.0,,,,,,750000.0,,,,-379277.0,,,,,,,,22237562.0,,
2018-06-30,2018-09-06,10-Q,E-QURE CORP.,EQUR,CIK0001563536,USD,1564.0,,,,,,342225.0,,342225.0,,,31334500.0,,,,,,68597.0,12215.0,,12215.0,,12215.0,,,,,0.0,,500000000.0,22237562.0,22237562.0,222.0,,,,,,,,,,,,0.0,,,,,,,82312.0,,,,-92201.0,,,,,,,,,,,,,,,,,,,,,,,68597.0,534468.0,,,,-92201.0,,,190679.0,,-92201.0,,,56382.0,,,,,,0.0,20000000.0,,,,,,,,,,,,,,,,9889.0,-31821593.0,,,,,,750000.0,,,,-465871.0,,,,,,,,22237562.0,,
2018-09-30,2019-01-02,10-Q,E-QURE CORP.,EQUR,CIK0001563536,USD,,1564.0,,,,,174425.0,,,174425.0,,33604992.0,,,,,,556890.0,538258.0,,538258.0,,538258.0,,,,,0.0,,500000000.0,,34546243.0,345.0,,,,,107503.0,2753030.0,,,,,,-0.06,,,156722.0,,,,1514327.0,,,,-1521745.0,,,,,,,,,,,,,,,,1294.0,,1294.0,,,,,556890.0,271185.0,,,,-1523039.0,,-1294.0,95196.0,,1521745.0,-1521745.0,,18632.0,,,,,,0.0,20000000.0,,,,,,,,,1795147.0,,,,,,,7418.0,-33340632.0,,,,,,750000.0,,0.1,,285705.0,9555468.0,,,,,,,24911947.0,,
2018-12-31,2019-04-16,10-K,E-QURE CORP.,EQUR,CIK0001563536,USD,,,,,,,27566.0,,157810.0,157810.0,,33781881.0,,,0.0,0.0,,395377.0,390495.0,,390495.0,379533.0,390495.0,379533.0,,,,0.0,,500000000.0,34546060.0,34546060.0,345.0,,,,,275303.0,2753030.0,,782630.0,782630.0,782630.0,107503.0,-0.08,0.21,,385552.0,,,315900.0,1567226.0,,,,-2013838.0,,,,,,125026.0,,,,125027.0,,,-58500.0,-21000.0,,13150.0,,13150.0,,,,,395377.0,224676.0,37736.0,1859794.0,-1480261.0,-2013838.0,,-2013838.0,37736.0,,-1684788.0,-1684788.0,3726809.0,4882.0,,,,,-329050.0,0.0,25000000.0,,,,,,,,,1795146.0,1795146.0,,,37736.0,64648.0,,117562.0,-33632525.0,,,,15058498.0,0.0,750000.0,,0.1,,170701.0,9555468.0,275303.0,,1795147.0,,,,26680834.0,,
2019-03-31,2019-05-17,10-Q,E-QURE CORP.,EQUR,CIK0001563536,USD,,,,,,,,,205195.0,,,33782811.0,,,,,,252074.0,252074.0,,252074.0,-138421.0,252074.0,-138421.0,,,,0.0,,500000000.0,34546060.0,34546060.0,345.0,,,,,,,,,,,,0.0,,,,,,,119541.0,,,,-164052.0,,,,,,19819.0,,,,,,,,-4882.0,,930.0,,,,,,,252074.0,244495.0,,,-138421.0,-164052.0,,930.0,37736.0,,163122.0,,,,,,,,,0.0,25000000.0,,,,,,,,,,,,,,,,43581.0,-33796577.0,,,,,,750000.0,,,,7579.0,,,,,,,,34546060.0,,
2019-06-30,2019-08-14,10-Q,E-QURE CORP.,EQUR,CIK0001563536,USD,,,,,,,,,252580.0,,,33783752.0,,,,,,118053.0,118053.0,,,,118053.0,,,,,0.0,,500000000.0,34546060.0,34546060.0,345.0,,,,,,,,,,,,-0.01,,,,,,,152167.0,,,,-182347.0,,,,,,,,,,,,,,,,941.0,,,,,,,118053.0,291880.0,,,,-182347.0,,-941.0,37736.0,,181406.0,,,,,,,,,0.0,25000000.0,,,,,,,,,,,,,,,,29239.0,-33978924.0,,,,,,,,,,-173827.0,,,,,,,,34546243.0,,
2019-09-30,2019-11-14,10-Q,E-QURE CORP.,EQUR,CIK0001563536,USD,,,,,,,,,252580.0,,,33784734.0,,,,,,36658.0,36658.0,,36658.0,,36658.0,,,,,0.0,,500000000.0,34546060.0,34546060.0,345.0,,,,,,,,,,,,0.0,,,,,,,71792.0,,,,,,,,,,,,,,,,,,,,982.0,982.0,,,,,,36658.0,320049.0,,,,-110546.0,,982.0,65905.0,,109564.0,-109564.0,,,,,,,,0.0,25000000.0,,,,,,,,,,,,,,28169.0,,37772.0,-34089470.0,,,,,,,,,,-283391.0,,,,,,,,34546243.0,,
2019-12-31,2020-04-13,10-K,E-QURE CORP.,EQUR,CIK0001563536,USD,4050.0,4050.0,,,,,,,105862.0,,,33788889.0,7008.0,,0.0,,,18278.0,18278.0,,18278.0,,18278.0,-372217.0,,,15058498.0,1e-05,,500000000.0,34546060.0,34546060.0,345.0,,,,,,,,874360.0,874360.0,874360.0,,-0.01,0.21,,,,,,247654.0,,,,-436812.0,,,,,4050.0,,,,,-79514.0,,-4882.0,-4882.0,,,2853.0,,,-7008.0,,,277381.0,18278.0,277381.0,100000.0,128169.0,-500386.0,-436812.0,,-436812.0,165905.0,,429804.0,-429804.0,4163621.0,,,,,,-7008.0,1e-05,25000000.0,,,,,,,,,,,,,128169.0,128169.0,,182150.0,-34069337.0,,,,15058498.0,0.0,750000.0,,,,-259103.0,,,,,,,,34546060.0,,
2020-03-31,2020-06-25,10-Q,E-QURE CORP.,EQUR,CIK0001563536,USD,,,,,,,,,,,,33793025.0,4136.0,,,,,193878.0,193878.0,,193878.0,,193878.0,175600.0,,,15058498.0,0.0,,500000000.0,34546060.0,34546060.0,345.0,,,,,,,,,,,,0.0,,,,,,,93371.0,,,,-156887.0,,,,,,57375.0,,,,,,,,,,4136.0,,,-4136.0,,,,193878.0,334756.0,165905.0,270976.0,-95376.0,-156887.0,,-4136.0,165905.0,,152751.0,,,,214861.0,,,,,0.0,25000000.0,,,,,,,,,,,,,0.0,,,59380.0,-34226224.0,,,,15058498.0,,,,,,-140878.0,,,,,,,,34546060.0,,
2020-06-30,2020-09-17,10-Q,E-QURE CORP.,EQUR,CIK0001563536,USD,,,,,,,,,,,,33797162.0,,,,,,243867.0,243867.0,,243867.0,,243867.0,,,,15058498.0,0.0,,500000000.0,34546060.0,34546060.0,345.0,-85708.0,,,,,,,,,,,-0.01,,,,51566.0,,,99165.0,,,,-85708.0,,,,,,,,,,,,,,,,4137.0,,,-4137.0,,,,243867.0,376876.0,165905.0,,,-85708.0,,47429.0,165905.0,,133137.0,,,,,,,51566.0,,0.0,25000000.0,,,,,,,,,,,,,,,,33972.0,-34311932.0,,,,15058498.0,,,0.1,0.1,,-133009.0,,,,,,,,34546060.0,,
2020-09-30,2020-11-13,10-Q,E-QURE CORP.,EQUR,CIK0001563536,USD,,,,,,,,,,,,33801343.0,,,,,,204365.0,204365.0,,204365.0,,204365.0,,,,15058498.0,0.0,,500000000.0,34546060.0,34546060.0,345.0,-172987.0,,,,,,,,,,,-0.07,,,,,,,107681.0,,,,-169180.0,,,,,,,,,,,,,,,,4181.0,,,-4181.0,,,,204365.0,418996.0,165905.0,,,-172987.0,,-3807.0,165905.0,,169180.0,-169180.0,,,,,,374.0,,0.0,25000000.0,,,,,,,,,,,,,,,,61499.0,-34484919.0,,,,15058498.0,,,0.1,0.1,,-214631.0,,,,,,,,34546060.0,,
2020-12-31,2021-04-30,10-K,E-QURE CORP.,EQUR,CIK0001563536,USD,2996.0,,,,,,,,,,-17919.0,33805525.0,16636.0,,,,,81070.0,81070.0,,81070.0,,81070.0,62792.0,0.0,,15058498.0,1e-05,,500000000.0,34546060.0,34546060.0,345.0,,-630275.0,,,,,,1002955.0,1002955.0,1002955.0,,-0.02,0.21,-17919.0,,,,315900.0,408725.0,,,,-612356.0,,,,,-2618.0,,,,,,,,,,,,,,-16636.0,,,479921.0,81070.0,479921.0,100000.0,473891.0,-393180.0,-612356.0,,,,,647661.0,-647661.0,4775977.0,,-17919.0,,,,35305.0,1e-05,25000000.0,0.0,0.0,,,,,,,,,,,0.0,,,238936.0,-34681693.0,,,,8904249.0,,,,0.1,,-398851.0,4738910.0,120906.0,,,,,,34546060.0,,
2021-03-31,2021-07-06,10-Q,E-QURE CORP.,EQUR,CIK0001563536,USD,2996.0,,,,,,,,,,-15790.0,33809616.0,4091.0,,,,,19428.0,19428.0,,19428.0,,19428.0,-61642.0,,,15058498.0,1e-05,,500000000.0,34546060.0,34546060.0,345.0,,,,,,,,,,,,-0.01,,2129.0,,-2542.0,,315900.0,105790.0,,,,-216990.0,,,,,,28080.0,,,,,,,,,,,,,-4091.0,,,508001.0,19428.0,508001.0,100000.0,121048.0,-184819.0,-216990.0,,-6633.0,,,210357.0,,,,2129.0,-214861.0,,,,1e-05,25000000.0,,,,,,,,,,,,,,,,104567.0,-34898683.0,,,,12427464.0,,,,0.1,,-488573.0,1210480.0,121048.0,,,,,,34546060.0,,
2021-06-30,2021-09-29,10-Q,E-QURE CORP.,EQUR,CIK0001563536,USD,2996.0,,,,,,,,,,-8867.0,33813752.0,,,,,,13877.0,13877.0,,13877.0,,13877.0,,0.0,,15058498.0,1e-05,,500000000.0,34546060.0,34546060.0,345.0,-229396.0,,,,,,,,,,,-0.01,,,,,,,105250.0,,,,-236319.0,,,,,,,,,,,,,,,,,,,-4136.0,,,582290.0,13877.0,582290.0,100000.0,,,-236319.0,,-4136.0,,,232183.0,,,,6923.0,,,,,1e-05,25000000.0,0.0,0.0,,,,,,,,,,,,,,126933.0,-35135002.0,,,,8904249.0,,,,0.1,,-568413.0,,,,,,,0.0,34546060.0,,
2021-09-30,2022-01-13,10-Q,E-QURE CORP.,EQUR,CIK0001563536,USD,2996.0,,,,,,,,,,-7335.0,33817934.0,,,,,,11500.0,11500.0,,11500.0,,11500.0,,0.0,,15058498.0,1e-05,,500000000.0,34546060.0,34546060.0,345.0,-74564.0,,,,,,,,,,,0.0,,,,,,,97654.0,,,,-151744.0,,,,,,,,,,,,,,,,,,,-4182.0,,,610370.0,11500.0,610370.0,100000.0,,,-76096.0,,75648.0,,,151744.0,,,,1532.0,,,79830.0,,1e-05,25000000.0,0.0,0.0,,,,,,,,,,,,,,54090.0,-35211098.0,,,,2750000.0,,,,0.1,,-598870.0,,,,,,,,34546060.0,,
