end,filed,form,Name,Ticker,CIK,Currency,AccountsPayableAndAccruedLiabilitiesCurrent,AccountsPayableCurrent,AccountsPayableRelatedPartiesCurrent,AccretionExpense,AccruedLiabilitiesCurrent,AccruedRentCurrent,AdditionalPaidInCapital,AdvertisingExpense,AmortizationOfDebtDiscountPremium,AntidilutiveSecuritiesExcludedFromComputationOfEarningsPerShareAmount,AssetManagementFees,Assets,AssetsCurrent,Cash,CashAndCashEquivalentsAtCarryingValue,CashAndCashEquivalentsPeriodIncreaseDecrease,CommonStockOtherSharesOutstanding,CommonStockParOrStatedValuePerShare,CommonStockSharesAuthorized,CommonStockSharesIssued,CommonStockSharesOutstanding,CommonStockSharesSubscriptions,CommonStockValue,ConversionOfStockAmountConverted1,ConvertibleDebtCurrent,ConvertibleDebtFairValueDisclosures,CostOfServicesLicensesAndServices,CurrentFederalTaxExpenseBenefit,DebtConversionOriginalDebtAmount1,DebtInstrumentCarryingAmount,DebtInstrumentConvertibleBeneficialConversionFeature,DebtInstrumentConvertibleConversionPrice1,DebtInstrumentDecreaseForgiveness,DebtInstrumentIncreaseAccruedInterest,DebtInstrumentUnamortizedDiscount,DebtInstrumentUnamortizedDiscountCurrent,DeferredFederalIncomeTaxExpenseBenefit,DeferredStateAndLocalIncomeTaxExpenseBenefit,DeferredTaxAssetsGross,DeferredTaxAssetsNet,DeferredTaxAssetsOperatingLossCarryforwards,DeferredTaxAssetsTaxDeferredExpenseOther,DeferredTaxAssetsTaxDeferredExpenseReservesAndAccrualsAccruedLiabilities,DeferredTaxAssetsValuationAllowance,DueToOfficersOrStockholdersCurrent,DueToOtherRelatedPartiesClassifiedCurrent,DueToRelatedPartiesCurrent,EarningsPerShareBasic,EarningsPerShareBasicAndDiluted,EarningsPerShareDiluted,EffectiveIncomeTaxRateContinuingOperations,EffectiveIncomeTaxRateReconciliationAtFederalStatutoryIncomeTaxRate,EffectiveIncomeTaxRateReconciliationChangeInDeferredTaxAssetsValuationAllowance,EffectiveIncomeTaxRateReconciliationChangeInEnactedTaxRate,EffectiveIncomeTaxRateReconciliationForeignIncomeTaxRateDifferential,EffectiveIncomeTaxRateReconciliationStateAndLocalIncomeTaxes,EffectOfExchangeRateOnCash,EmbeddedDerivativeFairValueOfEmbeddedDerivativeNet,EmbeddedDerivativeLossOnEmbeddedDerivative,ExtinguishmentOfDebtGainLossNetOfTax,FederalIncomeTaxExpenseBenefitContinuingOperations,FeesAndCommissionsTransferAgent,ForeignCurrencyTransactionGainLossRealized,GainsLossesOnExtinguishmentOfDebt,GeneralAndAdministrativeExpense,IncomeLossFromContinuingOperations,IncomeTaxExpenseBenefit,IncomeTaxesPaid,IncomeTaxReconciliationChangeInDeferredTaxAssetsValuationAllowance,IncreaseDecreaseInAccountsAndNotesReceivable,IncreaseDecreaseInAccountsPayable,IncreaseDecreaseInAccountsPayableAndAccruedLiabilities,IncreaseDecreaseInAccruedLiabilities,IncreaseDecreaseInDueToOfficersAndStockholdersCurrent,IncreaseDecreaseInInterestPayableNet,IncreaseDecreaseInOtherAccruedLiabilities,IncreaseDecreaseInOtherReceivables,IncreaseDecreaseInPrepaidExpense,InterestExpense,InterestPaid,InterestPayableCurrent,IssuanceOfStockAndWarrantsForServicesOrClaims,LeaseAndRentalExpense,Liabilities,LiabilitiesAndStockholdersEquity,LiabilitiesCurrent,LicensesRevenue,ManagementFeeExpense,NetCashProvidedByUsedInFinancingActivities,NetCashProvidedByUsedInOperatingActivities,NetCashProvidedByUsedInOperatingActivitiesContinuingOperations,NetIncomeLoss,NotesPayableRelatedPartiesClassifiedCurrent,OperatingCostsAndExpenses,OperatingExpenses,OperatingIncomeLoss,OperatingLossCarryforwards,OtherGeneralAndAdministrativeExpense,OtherNoncashIncome,OtherNonoperatingIncome,OtherNonoperatingIncomeExpense,PrepaidExpense,PrepaidExpenseAndOtherAssetsCurrent,PrepaidExpenseCurrent,ProceedsFromContributedCapital,ProceedsFromConvertibleDebt,ProceedsFromIssuanceOfCommonStock,ProceedsFromIssuanceOrSaleOfEquity,ProceedsFromOtherDebt,ProceedsFromRelatedPartyDebt,ProfessionalAndContractServicesExpense,ProfessionalFees,RelatedPartyTransactionExpensesFromTransactionsWithRelatedParty,RepaymentsOfConvertibleDebt,RepaymentsOfRelatedPartyDebt,ResearchAndDevelopmentExpense,RestatementOfPriorYearIncomeNetOfTax,RetainedEarningsAccumulatedDeficit,RevenueFromEnrollmentAndRegistrationFeesExcludingHospitalityEnterprises,Revenues,SaleOfStockConsiderationReceivedPerTransaction,StateAndLocalIncomeTaxExpenseBenefitContinuingOperations,StockholdersEquity,StockholdersEquityBeforeTreasuryStock,StockholdersEquityIncludingPortionAttributableToNoncontrollingInterest,StockholdersEquityNoteSubscriptionsReceivable,StockIssued1,StockIssuedDuringPeriodSharesAcquisitions,StockIssuedDuringPeriodSharesConversionOfConvertibleSecurities,StockIssuedDuringPeriodSharesIssuedForCash,StockIssuedDuringPeriodSharesIssuedForServices,StockIssuedDuringPeriodSharesNewIssues,StockIssuedDuringPeriodValueConversionOfConvertibleSecurities,StockIssuedDuringPeriodValueIssuedForCash,StockIssuedDuringPeriodValueIssuedForServices,StockIssuedDuringPeriodValueNewIssues,StockIssuedDuringPeriodValueOther,StockIssuedDuringPeriodValueShareBasedCompensation,TranslationAdjustmentFunctionalToReportingCurrencyIncreaseDecreaseGrossOfTax,UnrecognizedTaxBenefitsResultingInNetOperatingLossCarryforward,WeightedAverageNumberOfDilutedSharesOutstanding,WeightedAverageNumberOfShareOutstandingBasicAndDiluted,WeightedAverageNumberOfSharesOutstandingBasic
2012-12-31,2013-03-13,10-Q,CANTABIO PHARMACEUTICALS INC.,CTBO,CIK0001550518,USD,,,,,597.0,,22500.0,43.0,,,,13431.0,,,3431.0,3431.0,,0.001,100000000.0,2500000.0,2500000.0,,2500.0,,,,,,,,,,,,,,,,4608.0,,,,,-4608.0,,,1387.0,,0.0,,,,,,,,,,,,,,,,707.0,,0.0,0.0,,,,597.0,,,,,,-10000.0,,0.0,,,,1984.0,13431.0,,-3745.0,0.0,26387.0,-22956.0,,-15802.0,,,15802.0,-15802.0,,,,,,10000.0,,,,,25000.0,,,1387.0,,11307.0,,,,,,-13553.0,0.0,0.0,,,11447.0,,,,,,,,,,,,,,,,,13500.0,,2500000.0,
2013-03-31,2013-06-28,10-K,CANTABIO PHARMACEUTICALS INC.,CTBO,CIK0001550518,USD,,,,,6633.0,,113467.0,,,,,4567.0,,16654.0,16654.0,,,0.001,100000000.0,4850000.0,3650000.0,,4850.0,,,,,9038.0,,,,,,,,,,,16901.0,0.0,,,,16901.0,,,0.0,,-0.01,,,,,,,,,,,,0.0,,,,,,0.0,,,1000.0,,,,,,,-1000.0,,,,,,,6633.0,4567.0,,,0.0,,,,,,,,,,,,,,,,0.0,,,,,,,,,,,,,,-120383.0,-3233.0,,,,-2066.0,,14467.0,1000.0,,,,1150000.0,1100000.0,,,23000.0,23000.0,,,,,33533.0,,2570137.0,
2013-06-30,2013-08-13,10-Q,CANTABIO PHARMACEUTICALS INC.,CTBO,CIK0001550518,USD,,,,,2621.0,,56700.0,0.0,,,-10000.0,15260.0,,5260.0,5260.0,-11394.0,,0.001,100000000.0,4300000.0,4300000.0,,4300.0,,,,,5500.0,,,,,,,,,,,16901.0,0.0,,,,-16901.0,,,1387.0,,0.0,,,,,,,,,,,,0.0,,,,219.0,,0.0,0.0,,,,-11679.0,,,,,,-2500.0,,0.0,,,,4008.0,15260.0,,0.0,10000.0,14000.0,-25394.0,,-16215.0,,,16215.0,-16215.0,,,,,,,,10000.0,,,14000.0,,,0.0,,2412.0,,,,,,-49748.0,-3584.0,0.0,,,11252.0,,11252.0,,,,,650000.0,650000.0,,,-14000.0,13000.0,,,,,49748.0,,3798113.0,
2013-09-30,2013-11-08,10-Q,CANTABIO PHARMACEUTICALS INC.,CTBO,CIK0001550518,USD,,,,,525.0,,67150.0,0.0,,,,18396.0,,12146.0,12146.0,,,0.001,100000000.0,4850000.0,4850000.0,,4850.0,,,,,,,,,,,,,,,,23951.0,0.0,,,,23951.0,,,1387.0,,-0.01,,,,,,,,,,,,,,,,223.0,,0.0,,,,,,,,,,,,,,,,,16842.0,18396.0,,0.0,15000.0,,,,-20698.0,,,20698.0,-20698.0,,,,,,,,6250.0,,,,,,,,1725.0,,,,,,-70446.0,-3750.0,0.0,,,1554.0,,1554.0,,,,,,,,,,,,,,,70400.0,,4536957.0,
2013-12-31,2014-02-13,10-Q,CANTABIO PHARMACEUTICALS INC.,CTBO,CIK0001550518,USD,,,,,16980.0,,67150.0,0.0,,,,10521.0,,8021.0,8021.0,,,0.001,100000000.0,4850000.0,4850000.0,,4850.0,,,,,,,,,,,,,,,,32201.0,0.0,,,,-32201.0,,,16317.0,,-0.01,,,,,,,,,,,,,,,,85.0,,0.0,,,,,,,,,,,,,,,,,33297.0,10521.0,,0.0,15000.0,,,,-24331.0,,,24331.0,-24331.0,,,,,,,,2500.0,,,,,,,,9246.0,,,,,,-94776.0,-5466.0,0.0,,,-22776.0,,22776.0,,,,,,,,,,,,,,,94776.0,,4465818.0,
2014-03-31,2014-07-11,10-K,CANTABIO PHARMACEUTICALS INC.,CTBO,CIK0001550518,USD,,,,,6633.0,,113467.0,0.0,,,,4567.0,4567.0,4567.0,30.0,-12087.0,,0.001,100000000.0,4850000.0,4850000.0,,4850.0,,,,,9038.0,,,,,46317.0,,,,-9038.0,,40930.0,0.0,40930.0,,,-40930.0,,,0.0,,-0.02,,0.34,,,,,,,,,,0.0,15000.0,,,650.0,-86850.0,0.0,0.0,-29529.0,-1000.0,,22333.0,,,,,1000.0,12500.0,,0.0,,,,6633.0,4567.0,6633.0,0.0,55000.0,38930.0,-51017.0,,-86850.0,,,86850.0,-86850.0,,16132.0,,,,,,0.0,46317.0,,24000.0,,,14930.0,5500.0,15068.0,,,,,,-120383.0,-16132.0,0.0,,29529.0,-2066.0,,-2066.0,0.0,,,,1200000.0,,,,24000.0,24000.0,,,,,120383.0,,4563836.0,
2014-06-30,2014-08-19,10-Q,CANTABIO PHARMACEUTICALS INC.,CTBO,CIK0001550518,USD,,,,,950.0,,113467.0,,,,,1069.0,,0.0,0.0,-4567.0,,0.001,100000000.0,4850000.0,,,4850.0,,,,,5500.0,,,,,46317.0,,,,-5500.0,,41955.0,0.0,,,,41955.0,,,5200.0,,0.0,,0.34,,,,,,,,,,0.0,,,,209.0,-3015.0,0.0,0.0,,,,-5683.0,,,,,,-1069.0,,0.0,,,,6150.0,1069.0,,0.0,0.0,5200.0,-9767.0,,-3015.0,,,3015.0,-3015.0,,2806.0,,,,,,1069.0,,,,,,5200.0,,2806.0,,,,,,-123398.0,0.0,0.0,,,-5081.0,,,,,,,,,,,0.0,,,,,,123398.0,,4850000.0,
2014-09-30,2014-11-19,10-Q,CANTABIO PHARMACEUTICALS INC.,CTBO,CIK0001550518,USD,,,,,13436.0,,113467.0,,,,,0.0,,0.0,0.0,,,0.001,100000000.0,4850000.0,,,4850.0,,,,,,,,,,,,,,,,46802.0,0.0,,,,46802.0,,,5900.0,,0.0,,,,,,,,,,,,,,,,12.0,-14255.0,0.0,,,,,,,,,,,,,,,,,19336.0,0.0,,0.0,0.0,,,,-14255.0,,,14255.0,-14255.0,137653.0,,,,,,,,,,,,,,,14243.0,,,,,,-137653.0,0.0,0.0,,,-19336.0,,,,,,,,,,,,,,,,,,,4850000.0,
2014-12-31,2015-02-23,10-Q,CANTABIO PHARMACEUTICALS INC.,CTBO,CIK0001550518,USD,,,,,15786.0,,113467.0,,,,,,,,46.0,,,0.001,100000000.0,4850000.0,,,4850.0,,,,,,,,,,,,,,,,,,,,,,,,5900.0,,0.0,,,,,,,,,,,,,,22235.0,,6063.0,-6063.0,,,,,,,,,,,,,,,,,,21686.0,17270.0,21686.0,,,,,,18125.0,,6063.0,2350.0,-2350.0,,,1953.0,,24188.0,,,,,,,,,,,2350.0,,,,,,-122733.0,,,,,-4416.0,,,,,,,,,,,,,,,,,,,26129594.0,
2015-03-31,2015-08-10,10-K,CANTABIO PHARMACEUTICALS INC.,CTBO,CIK0001550518,USD,214.0,214.0,,,18584.0,214745.0,113467.0,,,,,209.0,209.0,209.0,209.0,179.0,,0.001,250000000.0,14824324.0,14824324.0,,14824.0,,,,,,,,,,,,,,,,,,66000.0,,,-66000.0,3706.0,,8804.0,,0.01,,,0.34,-0.398,,0.0,0.058,,,,,,,71288.0,,15659.0,-29681.0,,,-8609.0,,,-72001.0,,-6121.0,,,,,,,,,,218665.0,209.0,218665.0,,,8804.0,179.0,,78303.0,,29681.0,25322.0,,146000.0,,1953.0,34744.0,107985.0,,,,,,,,,8804.0,,25101.0,,,,14022.0,,-233280.0,,,,8609.0,-218456.0,,,,,,,,,,,,,,,,,,,14824324.0,
2015-06-30,2015-08-19,10-Q,CANTABIO PHARMACEUTICALS INC.,CTBO,CIK0001550518,USD,,,,,23952.0,,113467.0,,,,,2500.0,2500.0,,3913.0,3703.0,,0.001,100000000.0,4850000.0,4850000.0,,4850.0,,,,,,,,,,,,,,,,,,,,,,,,11304.0,,0.01,,,,,,,,,,,,,,-4876.0,,94550.0,-94550.0,,,,,,52887.0,,242.0,,,,-2500.0,,,,,,35256.0,2500.0,35256.0,,,50000.0,-46297.0,,-99426.0,,94550.0,5368.0,,,5368.0,,,-4876.0,,2500.0,,,,,50000.0,,2500.0,,,,,,,,-151073.0,,,,,-32756.0,,,,,,,,,,,,,,,,,,,14824000.0,
2015-09-30,2015-11-23,10-Q,CANTABIO PHARMACEUTICALS INC.,CTBO,CIK0001550518,USD,,,,,1984.0,,122271.0,,,,,4253.0,4253.0,,54684.0,,,0.001,100000000.0,4850000.0,4850000.0,,4850.0,,,,,,,,,,,,,,,,,,,,,,,,38809.0,,-0.01,,,,,,,,,,,,,,-1738.0,,150231.0,-152557.0,,,,,,,,,,,,,,,,,,40793.0,4253.0,40793.0,,,,,,-154295.0,,152557.0,12588.0,,,,,,-1738.0,,4253.0,,,,,,,,,12215.0,,,,2326.0,,-163661.0,,,,,-36540.0,,,,,,,,,,,,,,,,,,,14824000.0,
2015-12-31,2016-03-18,10-Q,CANTABIO PHARMACEUTICALS INC.,CTBO,CIK0001550518,USD,,7187.0,,,,90000.0,,,,,,100857.0,100857.0,100857.0,100857.0,,,0.001,100000000.0,26129594.0,26129594.0,450000.0,26130.0,,,,32000.0,,,,,,,,,,,,,,,,,,57108.0,,,,0.0,,,,,,,,,,,,,,107884.0,,169027.0,-173397.0,,,,,,,,,,,,,,,,,,188548.0,100857.0,188548.0,,,,,,-65513.0,34253.0,173397.0,,,,,107884.0,,107884.0,,,,,,,,,,,,,,,4370.0,,-563821.0,,,,,-87691.0,-87691.0,,,,,,,,,,,,,,,,,,14824000.0,
2016-03-31,2016-07-14,10-K,CANTABIO PHARMACEUTICALS INC.,CTBO,CIK0001550518,USD,225498.0,,,,,173414.0,99324.0,,,,,52110.0,52110.0,52110.0,52110.0,51901.0,,0.001,250000000.0,26805270.0,26805270.0,500000.0,26805.0,,,,32000.0,,,,,,,,,,,,,,305000.0,,60000.0,-365000.0,6420.0,,,,-0.04,,,0.34,-0.397,,-0.001,0.058,,,,,,,-18275.0,107884.0,691778.0,-840937.0,,,,,,225285.0,,2714.0,,66553.0,,,,,,,,421894.0,52110.0,421894.0,,,616561.0,-564660.0,,-751328.0,16562.0,840937.0,,,764000.0,,,,89609.0,,,,,,100000.0,600000.0,,33755.0,,,,,17194.0,149159.0,,-995913.0,,,600000.0,,-369784.0,-369784.0,,,100000.0,11750000.0,,,,675676.0,,,,100000.0,,,,,,18216544.0,
2016-06-30,2016-08-11,10-Q,CANTABIO PHARMACEUTICALS INC.,CTBO,CIK0001550518,USD,240792.0,,178000.0,,,183765.0,99324.0,,,,,195601.0,195601.0,195601.0,195601.0,143491.0,,0.001,250000000.0,26805270.0,26805270.0,885000.0,26805.0,,,,,,,,,,,,,,,,,,,,,,6420.0,,,,-0.01,,,,,,,,-1287.0,,,,,,5062.0,,154328.0,-267060.0,,,,,,15294.0,,,,10351.0,,,3869.0,,,,,446252.0,195601.0,446252.0,,,385000.0,-240222.0,,-265867.0,15275.0,267060.0,,,,,,,1193.0,,,,,,,385000.0,,,,,85000.0,,,112732.0,,-1261780.0,,,,,-250651.0,-250651.0,,,,,,,,,,,,,,,,,,26805270.0,
2016-09-30,2016-11-14,10-Q,CANTABIO PHARMACEUTICALS INC.,CTBO,CIK0001550518,USD,257137.0,,178000.0,,,189669.0,99324.0,,,,,12629.0,12629.0,12629.0,12629.0,,,0.001,250000000.0,26805270.0,26805270.0,985000.0,26805.0,,,,,,,,,,,,,,,,,,,,,,,,,,-0.01,,,,,,,,,,,,,,-1962.0,,218521.0,-287591.0,,,,,,,,,,,,,3995.0,,,,,456828.0,12629.0,456828.0,,,,,,-293548.0,10022.0,287591.0,,,,,,,-5957.0,,,,,,,,,,,,91000.0,,,69070.0,,-1555328.0,,,,,-444199.0,-444199.0,,,,,,,,,,,,,,,,,,26805000.0,
2016-12-31,2017-02-10,10-Q,CANTABIO PHARMACEUTICALS INC.,CTBO,CIK0001550518,USD,377516.0,,256000.0,,,184440.0,99324.0,,,,,10759.0,10759.0,10759.0,10795.0,,,0.001,250000000.0,26805270.0,26805270.0,1060000.0,26805.0,,,,,,,,,,,,,,,,,,,,,,,,,,-0.01,,,,,,,,,,,,,,,,136927.0,-223799.0,,,,,,,,,,,,,3508.0,,,,,607302.0,10795.0,607302.0,,,,,,-227307.0,45346.0,223799.0,,,,,,,-3508.0,,,,,,,,,,,,91000.0,,,86872.0,,-1782636.0,,,,,-596507.0,-596507.0,,,,,,,,,,,,,,,,,,26805000.0,
2017-03-31,2017-06-30,10-K,CANTABIO PHARMACEUTICALS INC.,CTBO,CIK0001550518,USD,377893.0,,300000.0,1807.0,,140142.0,167324.0,,22756.0,,,33523.0,33523.0,32275.0,32275.0,-19835.0,,0.001,250000000.0,26805270.0,26805270.0,1060000.0,26805.0,,322256.0,550000.0,,,,450000.0,68000.0,0.1316,,,175000.0,-151744.0,-368000.0,-65000.0,798000.0,,738000.0,-433000.0,60000.0,-798000.0,,,,,-0.04,,,-0.34,0.389,0.0,0.009,-0.058,,24000.0,-3000.0,,,,,,718959.0,-1069269.0,,,433000.0,,,152395.0,,-6420.0,,-33272.0,,-1248.0,39869.0,,,,49000.0,887445.0,33523.0,887445.0,,,953285.0,-973120.0,,-1112138.0,47154.0,1069269.0,,,1900000.0,,,,-42869.0,,,1248.0,,364500.0,,560000.0,,59368.0,,,363000.0,,30583.0,350310.0,,-2108051.0,,,560000.0,,-853922.0,-853922.0,,,,,,,,,,,,,,,,,,26805270.0,
2017-06-30,2017-08-14,10-Q,CANTABIO PHARMACEUTICALS INC.,CTBO,CIK0001550518,USD,465746.0,,,1266.0,,150155.0,241544.0,,58130.0,,,5001.0,5001.0,5001.0,5001.0,-27274.0,12523878.0,0.001,250000000.0,27134419.0,27134419.0,1060000.0,27134.0,,472449.0,650000.0,,,,600000.0,35000.0,,,10062.0,239000.0,-157614.0,,,,,,,,,,,,,-0.01,,,,,,,,,20000.0,10000.0,,,,,,190733.0,-287925.0,,,,,,87955.0,10062.0,,,10012.0,,1248.0,74471.0,,10063.0,39549.0,,1136770.0,5001.0,1136770.0,,,127000.0,-154274.0,,-352396.0,48420.0,287925.0,,,,,,,-64471.0,,,,,127000.0,,,,,,,100000.0,,,97192.0,,-2460447.0,,,,,-1131769.0,-1131769.0,,,,,,,,,,,,,,,,,,27004613.0,
2017-09-30,2017-11-14,10-Q,CANTABIO PHARMACEUTICALS INC.,CTBO,CIK0001550518,USD,610456.0,,400000.0,,,157831.0,269419.0,,,,,51195.0,51195.0,51195.0,51195.0,,,0.001,250000000.0,27437475.0,27437475.0,1060000.0,27437.0,,522408.0,,,,,575000.0,,,,,239000.0,-93991.0,,,,,,,,,,209383.0,,,-0.01,,,,,,,,,27000.0,44000.0,,,,,,177435.0,-276339.0,,,,,,,,,,,,,112952.0,,14399.0,,,1500078.0,51195.0,1500078.0,,,,,,-345291.0,,276339.0,,,,,,,-68952.0,,,,,,,,,,,,100000.0,,,98904.0,,-2805739.0,,,,,-1448883.0,-1448882.0,,,,,,,,,,,,,,,,,,27284000.0,
2017-12-31,2018-02-20,10-Q,CANTABIO PHARMACEUTICALS INC.,CTBO,CIK0001550518,USD,672281.0,,500000.0,,,163703.0,378695.0,,,,,26774.0,26774.0,26774.0,26774.0,,,0.001,250000000.0,30395804.0,30395804.0,1060000.0,30396.0,,723000.0,,,,,633000.0,,,,,,-634000.0,,,,,,,,,,267922.0,,-0.02,-0.02,-0.02,,,,,,,,710000.0,77000.0,0.0,,,,-169492.0,107549.0,-166029.0,,,,,,,,,,,,,204962.0,,14000.0,,,1826906.0,26774.0,1826906.0,,,,,,-463483.0,,166029.0,166029.0,,,,,,-297454.0,,,,,,,,,,,,82000.0,,,58480.0,,-3269223.0,,,,,-1800132.0,,,,,,,,,,,,,,,,,,28700000.0,28700000.0,28700000.0
2018-03-31,2018-07-16,10-K,CANTABIO PHARMACEUTICALS INC.,CTBO,CIK0001550518,USD,606751.0,,600000.0,,,171105.0,1134763.0,,533651.0,,,109426.0,109426.0,109426.0,109426.0,77151.0,,0.001,250000000.0,51900000.0,51900000.0,1060000.0,51857.0,307000.0,947160.0,,,,,,35000.0,,,,600000.0,,-115000.0,-142000.0,1055000.0,,1005000.0,-257000.0,50000.0,-1055000.0,,257614.0,,,-0.07,,,-0.31,0.128,0.198,0.044,-0.06,,,198000.0,,,,,-241025.0,977747.0,-1348788.0,,,257000.0,,,378372.0,40721.0,,,30963.0,,1248.0,619960.0,,,360444.0,52000.0,1982630.0,109426.0,1982630.0,,,700500.0,-623349.0,,-2011773.0,,1348788.0,,,3600000.0,,,,-662985.0,,,0.0,,405500.0,,,295000.0,,,,692000.0,,,371041.0,,-4119824.0,,,,,-1873204.0,-1873204.0,-1873204.0,,,,,,,,246487.0,,,,350560.0,360444.0,,,,30943829.0,
2018-06-30,2018-08-20,10-Q,CANTABIO PHARMACEUTICALS INC.,CTBO,CIK0001550518,USD,657871.0,,700000.0,,,158968.0,1169584.0,,328233.0,,,185236.0,185236.0,185236.0,185236.0,75810.0,,0.001,250000000.0,53863584.0,53863584.0,1060000.0,53864.0,58733.0,1371126.0,,,,,,,,,,,,,,,,,,,,,300512.0,,,-0.01,,,,,,,,,,118000.0,,,,,,124653.0,-235873.0,,,,,,51120.0,18459.0,,,-12137.0,,,348992.0,,,10000.0,,2488477.0,185236.0,2488477.0,,,265000.0,-189190.0,,-466865.0,,235873.0,,,,,,,-230992.0,,,,,265000.0,,,,,,,94000.0,,,111220.0,,-4586689.0,,,,,-2303241.0,-2303241.0,,,,,,,,,,,,,,,,,,53031199.0,
2018-09-30,2018-11-13,10-Q,CANTABIO PHARMACEUTICALS INC.,CTBO,CIK0001550518,USD,641354.0,,300000.0,,,162217.0,1593884.0,,,,,21527.0,21527.0,21527.0,21527.0,,,0.001,250000000.0,78537000.0,78537000.0,1060000.0,78537.0,,1479690.0,,,,,,,,,,,,,,,,,,,,,161148.0,,,-0.01,,,,,,,,,,2000.0,43829.0,,,,-91621.0,155128.0,-234131.0,,,,,,,,,,,,,288693.0,,,,,2444409.0,21527.0,2444409.0,,,,,,-568616.0,,234131.0,,,,,,,-334485.0,,,,,,,,,,,,,,,79003.0,,-5155303.0,,,,,-2422882.0,,,,,,,,,,,,,,,,,,,58430000.0,
2018-12-31,2019-06-17,10-Q,CANTABIO PHARMACEUTICALS INC.,CTBO,CIK0001550518,USD,642006.0,,400000.0,,,163990.0,1766832.0,,,,,325871.0,325871.0,283371.0,283371.0,,,0.001,250000000.0,96600000.0,96600000.0,1060000.0,96590.0,,0.0,,,,,,,,,,,,,,,,,,,,,1408789.0,,0.0,,0.0,,,,,,,,,420275.0,467064.0,,,,43020.0,159973.0,-240192.0,,,,,,,,,,,,,347200.0,,,,,2214785.0,325871.0,2214785.0,,,,,,342967.0,,,240192.0,,,,,,583159.0,,,42500.0,,,,,,,,,98000.0,,,80219.0,,-4812336.0,,,,,,,-1888914.0,,,,,,,,,,,,,,,,87367000.0,,87367000.0
