end,filed,form,Name,Ticker,CIK,Currency,AccountsPayable,AccountsPayableAndAccruedLiabilities,AccountsPayableAndAccruedLiabilitiesCurrent,AccountsPayableAndAccruedLiabilitiesFairValueDisclosure,AccountsPayableCurrent,AccountsReceivableFairValueDisclosure,AccountsReceivableNet,AccountsReceivableNetCurrent,AccruedIncomeTaxes,AccruedIncomeTaxesCurrent,AccruedLiabilities,AccruedLiabilitiesCurrent,AccumulatedDepreciationDepletionAndAmortizationPropertyPlantAndEquipment,AccumulatedDepreciationDepletionAndAmortizationPropertyPlantAndEquipmentExcludingCapitalLeasedAssets,AdditionalPaidInCapital,AllowanceForDoubtfulAccountsReceivable,AllowanceForDoubtfulAccountsReceivableCurrent,AmortizationOfIntangibleAssets,AmountOfDilutiveSecuritiesESOPConvertiblePreferredStock,Assets,AssetsCurrent,AssetsNoncurrent,BankLoans,BuildingsAndImprovementsGross,Cash,CashAndCashEquivalentsAtCarryingValue,CashAndCashEquivalentsFairValueDisclosure,CashAndCashEquivalentsPeriodIncreaseDecrease,CashEquivalentsAtCarryingValue,CashPeriodIncreaseDecrease,CommitmentsAndContingencies,CommonStockholdersEquity,CommonStockNoParValue,CommonStockParOrStatedValuePerShare,CommonStockSharesAuthorized,CommonStockSharesIssued,CommonStockSharesOutstanding,CommonStockValue,CommonStockValueOutstanding,CostOfGoodsSold,CostOfRevenue,CumulativeEffectOnRetainedEarningsBeforeTax1,CurrentFederalTaxExpenseBenefit,CurrentIncomeTaxExpenseBenefit,CurrentStateAndLocalTaxExpenseBenefit,DeferredFederalIncomeTaxExpenseBenefit,DeferredForeignIncomeTaxExpenseBenefit,DeferredIncomeTaxAssetsNet,DeferredIncomeTaxExpenseBenefit,DeferredIncomeTaxesAndOtherAssetsCurrent,DeferredIncomeTaxesAndOtherAssetsNoncurrent,DeferredIncomeTaxesAndTaxCredits,DeferredIncomeTaxLiabilities,DeferredTaxAssetsGrossCurrent,DeferredTaxAssetsLiabilitiesNet,DeferredTaxAssetsLiabilitiesNetCurrent,DeferredTaxAssetsNet,DeferredTaxAssetsNetCurrent,DeferredTaxAssetsValuationAllowance,DeferredTaxLiabilities,DeferredTaxLiabilitiesCurrent,DepreciationAndAmortization,DilutiveSecurities,DilutiveSecuritiesEffectOnBasicEarningsPerShareOther,DisposalGroupIncludingDiscontinuedOperationInventory1,EarningsPerShareBasic,EarningsPerShareBasicAndDiluted,EarningsPerShareDiluted,EmployeeStockOwnershipPlanESOPSharesInESOP,FairValueAssetsLevel2ToLevel1TransfersAmount,FairValueEstimateNotPracticableAccountsPayable,FairValueEstimateNotPracticableAccountsReceivable,FairValueEstimateNotPracticableCashAndCashEquivalents,FairValueEstimateNotPracticableNotesReceivable,FiniteLivedIntangibleAssetsGross,FiniteLivedIntangibleAssetsNet,FiniteLivedIntangibleAssetsPeriodIncreaseDecrease,FiniteLivedPatentsGross,GainLossOnDispositionOfAssets,GainLossOnSaleOfOtherInvestments,GainLossOnSaleOfPropertyPlantEquipment,GainLossRelatedToLitigationSettlement,GainsLossesOnExtinguishmentOfDebt,GeneralAndAdministrativeExpense,GrossProfit,IncomeLossFromContinuingOperations,IncomeLossFromContinuingOperationsBeforeIncomeTaxesDomestic,IncomeLossFromContinuingOperationsBeforeIncomeTaxesExtraordinaryItemsNoncontrollingInterest,IncomeTaxExpenseBenefit,IncomeTaxesPaid,IncreaseDecreaseInAccountsAndNotesReceivable,IncreaseDecreaseInAccountsPayableAndAccruedLiabilities,IncreaseDecreaseInAccountsReceivable,IncreaseDecreaseInAccruedIncomeTaxesPayable,IncreaseDecreaseInDeferredIncomeTaxes,IncreaseDecreaseInIncomeTaxes,IncreaseDecreaseInIncomeTaxesReceivable,IncreaseDecreaseInInventories,IncreaseDecreaseInNotesReceivables,IncreaseDecreaseInOtherAccountsPayableAndAccruedLiabilities,IncreaseDecreaseInOtherDeposits,IncreaseDecreaseInPrepaidExpense,IncreaseDecreaseInPrepaidTaxes,IncrementalCommonSharesAttributableToCallOptionsAndWarrants,IntangibleAssetsCurrent,IntangibleAssetsNetExcludingGoodwill,InterestAndOtherIncome,InterestExpense,InterestExpenseOther,InterestIncomeOther,InterestPaid,InventoryAdjustments,InventoryNet,InventoryNetOfAllowancesCustomerAdvancesAndProgressBillings,InventoryValuationReserves,LaborAndRelatedExpense,Land,Liabilities,LiabilitiesAndStockholdersEquity,LiabilitiesCurrent,LiabilitiesNoncurrent,LineOfCredit,LineOfCreditFacilityCapacityAvailableForTradePurchases,LineOfCreditFacilityCurrentBorrowingCapacity,LineOfCreditFacilityMaximumBorrowingCapacity,LitigationReserve,LitigationReserveCurrent,LitigationReserveNoncurrent,LitigationSettlementAmount,LitigationSettlementExpense,LitigationSettlementInterest,NetCashProvidedByUsedInFinancingActivities,NetCashProvidedByUsedInInvestingActivities,NetCashProvidedByUsedInOperatingActivities,NetIncomeLoss,NonoperatingIncomeExpense,NotesAndLoansReceivableNetCurrent,NotesPayable,NotesPayableFairValueDisclosure,NotesPayableToBank,NotesPayableToBankCurrent,NotesPayableToBankNoncurrent,NotesReceivableFairValueDisclosure,NotesReceivableNet,NotesReceivableRelatedParties,OperatingExpenses,OperatingIncomeLoss,OtherFiniteLivedIntangibleAssetsGross,OtherIncome,OtherIndefiniteLivedIntangibleAssets,OtherIntangibleAssetsNet,OtherMaterialNoncashItems,OtherNoncashExpense,OtherNonoperatingIncomeExpense,OtherTaxExpenseBenefit,PaymentsForLegalSettlements,PaymentsForRepurchaseOfCommonStock,PaymentsForRepurchaseOfEquity,PaymentsToAcquireIntangibleAssets,PaymentsToAcquirePropertyPlantAndEquipment,PensionContributions,PreferredStockNoParValue,PreferredStockParOrStatedValuePerShare,PreferredStockSharesAuthorized,PreferredStockSharesIssued,PreferredStockSharesOutstanding,PreferredStockValue,PrepaidExpense,PrepaidExpenseCurrent,PrepaidTaxes,ProceedsFromBankDebt,ProceedsFromIssuanceOfCommonStock,ProceedsFromNotesPayable,ProceedsFromOtherDebt,ProceedsFromSaleOfMachineryAndEquipment,ProceedsFromSaleOfOtherAssets1,ProceedsFromSaleOfPropertyPlantAndEquipment,ProFormaWeightedAverageSharesOutstandingDiluted,ProfitLoss,PropertyPlantAndEquipmentGross,PropertyPlantAndEquipmentNet,RepaymentsOfBankDebt,ResultsOfOperationsIncomeBeforeIncomeTaxes,RetainedEarningsAccumulatedDeficit,Revenues,SalariesAndWages,SalesRevenueNet,SellingGeneralAndAdministrativeExpense,StockholdersEquity,StockholdersEquityIncludingPortionAttributableToNoncontrollingInterest,StockIssuedDuringPeriodSharesIssuedForServices,StockIssuedDuringPeriodSharesShareBasedCompensation,StockIssuedDuringPeriodSharesStockOptionsExercised,StockIssuedDuringPeriodValueIssuedForServices,StockIssuedDuringPeriodValueShareBasedCompensation,StockRepurchasedAndRetiredDuringPeriodShares,StockRepurchasedAndRetiredDuringPeriodValue,TaxesPayableCurrent,WeightedAverageNumberOfDilutedSharesOutstanding,WeightedAverageNumberOfShareOutstandingBasicAndDiluted,WeightedAverageNumberOfSharesIssuedBasic,WeightedAverageNumberOfSharesOutstandingBasic
2010-08-31,2010-11-03,10-K,JEWETT CAMERON TRADING CO LTD,JCTCF,CIK0000885307,USD,,,,,,,,,,,,,,,,,,,,,,,,,,8710314.0,,,,,,,,,,,,,,,,,,,,,,,,,,,,,,,,,,,,,,,,,,,,,,,,,,,,,,,,,,,,,,,,,,,,,,,,,,,,,,,,,,,,,,,,,,,,,,,,,,,,,,,,,,,,,,,,,,,,,,,,,,,,,,,,,,,,,,,,,,,,,,,,,,,,,,,,,,,,,,,,,,,20046569.0,,,,,,,,,,,,,
2010-11-30,2011-01-13,10-Q,JEWETT CAMERON TRADING CO LTD,JCTCF,CIK0000885307,USD,,,,,,,,,,,,,,,,,,,,,,,,,,7660319.0,,-1049995.0,,,,,,,,,,,,4639257.0,,,,,,,,,,,,,,,,,,,,,,65377.0,,,,-0.37,,-0.37,,,,,,,,,,,,,-5450.0,,,,1445794.0,78694.0,-1269958.0,,423623.0,,,1099752.0,2114056.0,-423029.0,-594.0,,,-486814.0,,,,-87584.0,,,,,23.0,,-391988.0,,,,,,,821539.0,,,,,,,,,,-962137.0,,,,,,-2450844.0,-28530.0,1429379.0,-846335.0,,,,,,,,,,,1367100.0,,,,,,-1348652.0,,,,,-2450844.0,,,-33980.0,,,,,,,,,,,,,,,,,5450.0,2308672.0,,,,,,,,,6085051.0,480184.0,,,,,,,,,,,,,2308672.0,
2011-02-28,2011-04-13,10-Q,JEWETT CAMERON TRADING CO LTD,JCTCF,CIK0000885307,USD,,,,,,,,,,,,,,,,,,,,,,,,,,4733701.0,,,,,,,,,,,,,,9734195.0,,,,,,,,,,,,,,,,,,,,,,65757.0,,,,0.25,,0.25,,,,,,,,,,,,,-1114.0,,,,2125819.0,755337.0,738200.0,,-241251.0,,,,,,,,,,,,,,,,,,,,-16023.0,,,,,,,886508.0,,,,,,,,,,,,,,,,,,,496949.0,,,,,,,,,,,1370482.0,,,,,,-17137.0,,,,,,,,,,,,,,,,,,,,,,,,,,,,,,,,,,,11860014.0,418217.0,,,,,,,,,,,2014865.0,,,2014865.0
2011-05-31,2011-07-13,10-Q,JEWETT CAMERON TRADING CO LTD,JCTCF,CIK0000885307,USD,,,,,,,,,,,,,,,,,,,,,,,,,,,,,5632276.0,,,,,,,,,,,10483142.0,,,,,,,,,,,,,,,,,,,,,,65296.0,,,,0.3,,0.3,,,,,,,,,,,,,-6988.0,,,,2430189.0,1035785.0,1012464.0,,408140.0,,,,,,,,,,,,,,,,,,,-16333.0,,,,,,,,929882.0,,,,,,,,,,,,,,,,,,,604324.0,,,,,,,,,,,1394404.0,,,,,,-23321.0,,,,,,,,,,,,,,,,,,,,,,,,,,,,,,,,,,,12913331.0,399226.0,,,,,,,,,,,2002355.0,,,2002355.0
2011-08-31,2011-11-14,10-K,JEWETT CAMERON TRADING CO LTD,JCTCF,CIK0000885307,USD,519265.0,,,,,,3897086.0,3897086.0,,,941846.0,,,,600804.0,,,,,20577844.0,18059174.0,,,,6774127.0,6774127.0,,-1936187.0,6774127.0,,,17488818.0,,0.0,20000000.0,1908457.0,,,17488818.0,33930109.0,,,,,,,,,40720.0,,157862.0,,157862.0,,,,,,,,,261542.0,,,,0.44,,0.44,,,,,,,,,,,,,2652.0,962137.0,,,8126361.0,2836248.0,,,487589.0,,,82132.0,-22972.0,-8133.0,40720.0,,,450189.0,,,,-791645.0,-682527.0,,,,-30.0,-440726.0,,,,,5815593.0,,204860.0,3348143.0,,,20577844.0,3089026.0,,,,,,1627915.0,,,,,,-3460145.0,-113257.0,1637215.0,902394.0,,,,,,,,,41500.0,,5290113.0,,,-1405545.0,,510771.0,,,,,,-3460145.0,,,-118707.0,,,0.0,10000000.0,0.0,,,848341.0,,682527.0,,,,,,,5450.0,,902394.0,,1850037.0,,1430703.0,15086971.0,,,42056470.0,1680428.0,17488818.0,,,,,,,,,,2060587.0,,2060587.0,
2011-11-30,2012-01-17,10-Q,JEWETT CAMERON TRADING CO LTD,JCTCF,CIK0000885307,USD,,,,,,,,2852490.0,,,,,,,600804.0,2467.0,,,0.0,20696911.0,18222828.0,,,,,5386500.0,,-1387627.0,,,,,,0.0,20000000.0,1858457.0,,,1753857.0,5774415.0,,,,,,,,,752.0,,157110.0,,,,,,,,,,,61198.0,,,,0.03,,0.03,,,,,,,,,,,,,,,,,1466195.0,162936.0,146732.0,,-82699.0,,,509154.0,1044596.0,81947.0,752.0,,,-2677341.0,,,,-483.0,,,,,,-16204.0,-16204.0,,,,8492934.0,,199568.0,813713.0,,,20696911.0,3598180.0,,,,,,1644119.0,,,,,,-454120.0,-17363.0,-916144.0,64033.0,,,,,,,,,41500.0,,1303259.0,,,,,496584.0,-16204.0,64033.0,-16204.0,,,-454120.0,,-4550.0,-12813.0,,,0.0,10000000.0,0.0,,,,,600580.0,,,,,,,,1900215.0,,,1820389.0,,,14744070.0,,,7240610.0,428348.0,17098731.0,,,,,,,,,,1900215.0,,1900215.0,
2012-02-29,2012-04-12,10-Q,JEWETT CAMERON TRADING CO LTD,JCTCF,CIK0000885307,USD,994410.0,,,,,,,3954043.0,228358.0,,891752.0,,,,600804.0,,,,,18446381.0,16011182.0,,,,,4310547.0,,-1075953.0,4310547.0,,,,,,,,,,1519261.0,9660496.0,,,,,,,,,805.0,,156305.0,,,,,,,,,,,64297.0,,0.0,,0.71,,0.71,,,,,,,,,,,,,,,,,2091301.0,672436.0,2132268.0,,-844494.0,,,-1527732.0,-1101553.0,228358.0,,,,2009567.0,-20000.0,,,-352902.0,600580.0,,,,,16203.0,16203.0,,,,6483367.0,,,893973.0,,,18446381.0,2298806.0,,,,,,,,,,1443629.0,,-2238929.0,-26218.0,1189194.0,1287774.0,1459832.0,,,,,,,,61500.0,,1418865.0,,,,,484932.0,1459832.0,,,,,-2238929.0,,-8500.0,-17718.0,,,,,,,,1201725.0,,,,,,,,,,,1287774.0,,1793962.0,,,14027510.0,,,11751797.0,460595.0,16147575.0,,,,,,,,,,1823423.0,,1823423.0,1823423.0
2012-05-31,2012-07-11,10-Q,JEWETT CAMERON TRADING CO LTD,JCTCF,CIK0000885307,USD,677042.0,,,,,,5173954.0,,204170.0,,1199343.0,,,,600804.0,,,,,18960263.0,16581162.0,,,,,4639288.0,,,4639288.0,328741.0,,,,,,,,,1479721.0,13306308.0,,,,,,,,,495.0,,,,155810.0,,,,,,,,,61279.0,,,,0.29,,0.29,,,,,,,,,,,,,,,,,2807127.0,1556199.0,1562690.0,,-625600.0,633435.0,,-16511.0,-1219911.0,-24188.0,,,,1484917.0,,,,-506245.0,,,,,7234.0,-743.0,,,743.0,,4998450.0,,,955702.0,,,18960263.0,2258107.0,,,,,,177552.0,,,,,,-382510.0,-5675.0,716926.0,937090.0,,,,,,,,,61500.0,,1250928.0,,,6491.0,,464707.0,6491.0,,,,,-382510.0,,,-5675.0,,,,,,,,1707970.0,,,,,,,,,,,937090.0,,1758584.0,,,14621631.0,,,16113435.0,233947.0,16702156.0,,,,0.0,,,,,,3199702.0,,3199702.0,3199702.0
2012-08-31,2012-11-07,10-K,JEWETT CAMERON TRADING CO LTD,JCTCF,CIK0000885307,USD,1577182.0,2758249.0,2758249.0,2758249.0,1577182.0,3092842.0,3092842.0,3092842.0,37203.0,,1181067.0,1181067.0,-3018299.0,-449452.0,600804.0,,6509.0,-449452.0,,20439461.0,17896576.0,,,2362555.0,7309388.0,7309388.0,7309388.0,535261.0,,535261.0,0.0,17473190.0,,0.0,21567564.0,3135942.0,3135942.0,1479721.0,17473190.0,37306129.0,,,1646365.0,1903774.0,241237.0,,,,56289.0,101573.0,,,101573.0,101573.0,101573.0,0.0,101573.0,101573.0,0.0,,101573.0,244216.0,,,,1.78,0.89,1.78,0.0,,,,,,,444203.0,,850000.0,,,,-1443629.0,,,8639401.0,3563140.0,5019994.0,,1960063.0,520000.0,,1297138.0,804244.0,37203.0,56289.0,,,-1269796.0,21500.0,,,459384.0,682527.0,,444203.0,,13225.0,-743.0,,-13467.0,743.0,,7085389.0,139869.0,,3368495.0,818072.0,2966271.0,20439461.0,2966271.0,,,,,,170819.0,170819.0,,,,,-3075559.0,-324720.0,3935540.0,3059931.0,,,,,,,,20000.0,20000.0,,5076261.0,,43655.0,1456854.0,43655.0,444203.0,,,,13445.0,,-3075559.0,,-13050.0,-311670.0,186906.0,,0.0,10000000.0,0.0,0.0,0.0,388957.0,388957.0,,,,,,,,,,3059931.0,5015408.0,1997109.0,,5019994.0,15392665.0,,,45945530.0,1463550.0,17473190.0,,,,0.0,,,,-3075559.0,,3444212.0,3444212.0,3444212.0,
2012-11-30,2013-01-14,10-Q,JEWETT CAMERON TRADING CO LTD,JCTCF,CIK0000885307,USD,828452.0,,,,,,2666822.0,,330957.0,,958568.0,,,,600804.0,,0.0,,0.0,20236071.0,17652870.0,,,,7256455.0,7256455.0,,-52933.0,,-52933.0,0.0,17953936.0,,0.0,20000000.0,1567971.0,1567971.0,1479721.0,,7305399.0,,,,,,,,,14323.0,,,,,,,,87250.0,,,,,57494.0,,,,0.31,0.15,0.31,,,,,,,,423901.0,,,,,,,,,1991006.0,772385.0,789095.0,,-308349.0,0.0,,-971229.0,426020.0,293754.0,,,,1324365.0,20000.0,,,-1579612.0,,,,,16710.0,,,-6661.0,0.0,,5761024.0,125756.0,,825307.0,,,20236071.0,2282135.0,,,,,,164158.0,,,,,,,-112133.0,59200.0,480746.0,,,,,,,,,,,1218621.0,,,16710.0,,,,480746.0,16710.0,,,,,,-112133.0,22730.0,,0.0,10000000.0,0.0,0.0,0.0,1968569.0,,,,,,,,,,1567971.0,480746.0,,2072050.0,,,15873411.0,,,9296405.0,335820.0,17953936.0,,,,0.0,,,,,,3135942.0,3135942.0,3135942.0,
2013-02-28,2013-04-15,10-Q,JEWETT CAMERON TRADING CO LTD,JCTCF,CIK0000885307,USD,1332491.0,2462124.0,,2462124.0,,7295224.0,3092842.0,7295224.0,,,1129633.0,,,,600804.0,,0.0,,,21409227.0,19014969.0,,,,4342588.0,4342588.0,4342588.0,-2913867.0,,-2913867.0,,,,0.0,20000000.0,1567564.0,1567564.0,1479337.0,,11788155.0,,,,,,,,,137100.0,,,,,,,,,,,49850.0,,64202.0,,0.0,,0.25,,0.25,0.0,,,,,,,404498.0,,,,,353852.0,,,,2439669.0,979059.0,1339116.0,,-548485.0,,,675104.0,-4628402.0,-330957.0,,-253952.0,,68731.0,,,,537657.0,-253952.0,,,,6605.0,-400.0,,-6588.0,,,5692293.0,132333.0,,928246.0,,2669544.0,21409227.0,2619694.0,,,,,,157570.0,,,,,,-4884.0,391343.0,-3300326.0,790631.0,360057.0,,,,,,,,,,1460610.0,,,360057.0,,,,,,,,-4884.0,,,-18657.0,,,0.0,10000000.0,0.0,0.0,,1430912.0,,253952.0,,,,,,,410000.0,,790631.0,,1989760.0,,,16659542.0,,,14227824.0,468162.0,18739683.0,,,,0.0,,,,,,3135860.0,,3135860.0,3135860.0
2013-05-31,2013-07-11,10-Q,JEWETT CAMERON TRADING CO LTD,JCTCF,CIK0000885307,USD,,,1626680.0,1626680.0,410948.0,4820700.0,4820700.0,4820700.0,,,,1215732.0,-3147294.0,-508888.0,600804.0,,0.0,,,21586208.0,19205796.0,,,2382448.0,7678879.0,7678879.0,7678879.0,,,3336291.0,0.0,,,0.0,20000000.0,3135128.0,3135128.0,1479337.0,,12021388.0,,,,,,,,,594.0,,,,,,,,,,,50444.0,50444.0,66735.0,,,,0.32,,0.32,0.0,,,,,,,384767.0,,850000.0,,,,,,,3030121.0,1686508.0,1693242.0,,-674678.0,546000.0,,-835443.0,2474524.0,,,,,1017381.0,-15000.0,,,-459525.0,128084.0,,384767.0,,6734.0,,,-6734.0,0.0,,4674912.0,139333.0,,904687.0,761924.0,1827961.0,21586208.0,1777517.0,,,,,,150837.0,,,,,,,-52889.0,3389180.0,1018564.0,,,,,,,,15000.0,15000.0,,1343613.0,,893655.0,6734.0,43655.0,,,,,,,,,,-52889.0,,,0.0,10000000.0,0.0,0.0,,,1890437.0,125868.0,,,,,,,,,1018564.0,5142939.0,1995645.0,,,17678106.0,,,15051509.0,372191.0,19758247.0,,,,0.0,,,,,,3135128.0,,3135128.0,3135128.0
2013-08-31,2013-10-30,10-K,JEWETT CAMERON TRADING CO LTD,JCTCF,CIK0000885307,USD,,,2865340.0,,1715458.0,,,3344777.0,,,,1149882.0,-3199245.0,,600804.0,,0.0,-524993.0,,23657857.0,21047245.0,,,2681989.0,8308445.0,8308445.0,,,,999057.0,0.0,,,0.0,21567564.0,3134936.0,3134936.0,1479246.0,20598021.0,39455054.0,,,1544074.0,1780940.0,226146.0,,,,151966.0,,,,50393.0,87666.0,50393.0,-138059.0,,87666.0,0.0,50393.0,,256487.0,0.0,,,1.0,1.0,1.0,,,2865340.0,3344777.0,8308445.0,15000.0,893655.0,368662.0,,850000.0,,,353852.0,,,1503226.0,9831093.0,4673690.0,5064925.0,4711073.0,1932906.0,2076812.0,,107091.0,-251935.0,-37203.0,,-270423.0,,-1435602.0,5000.0,,,-198652.0,-270423.0,,368662.0,,37383.0,,,-26716.0,400.0,,8520991.0,134259.0,,3397690.0,761924.0,3059836.0,23657857.0,3009443.0,,,,5000000.0,,144103.0,144103.0,,,,,-7188.0,-71935.0,1078180.0,3132019.0,,,,,,,,,15000.0,,5157403.0,,43655.0,391235.0,,,,,,13447.0,,-7188.0,,,-481935.0,200723.0,,0.0,10000000.0,0.0,0.0,0.0,,587609.0,270423.0,,,,,,,410000.0,,3132019.0,5441195.0,2241950.0,,,18517971.0,,,49286147.0,1503226.0,20598021.0,20598021.0,,,0.0,,,,,,3135509.0,3135509.0,3135509.0,3135509.0
2013-11-30,2014-01-13,10-Q,JEWETT CAMERON TRADING CO LTD,JCTCF,CIK0000885307,USD,,,1119422.0,,453525.0,,,2237734.0,,,,665897.0,3235458.0,,600804.0,,0.0,543169.0,,22233293.0,19635473.0,,,2695810.0,8096072.0,8096072.0,,,,-212373.0,0.0,,,0.0,21567564.0,3134936.0,3134936.0,1479246.0,20930600.0,6156502.0,,,,,,,,,-4564.0,,,,,,,,,,,45829.0,,70019.0,0.0,,,0.11,0.11,0.11,,,,,,,893655.0,350486.0,,850000.0,,,4109.0,,,,1849779.0,543924.0,554694.0,554694.0,-222115.0,0.0,,-1745918.0,1107043.0,,,,226679.0,146240.0,15000.0,,,-295563.0,226679.0,,350486.0,,6661.0,,,-6661.0,0.0,,8374751.0,134259.0,,843950.0,761924.0,1302693.0,22233293.0,1256864.0,,,,,,137442.0,,,,,,,-53118.0,-159255.0,332579.0,,,,,,,,,,,1305855.0,,43655.0,10770.0,,,,,,,,,,,-57918.0,47754.0,,0.0,10000000.0,0.0,0.0,,,883172.0,43744.0,,,,,4800.0,,,,332579.0,5482792.0,2247334.0,,,18850550.0,,,8006281.0,391886.0,20930600.0,,,,0.0,,,,,,3134936.0,3134936.0,3134936.0,3134936.0
2014-02-28,2014-04-09,10-Q,JEWETT CAMERON TRADING CO LTD,JCTCF,CIK0000885307,USD,,,1956618.0,,1190980.0,,,4256286.0,,,,765638.0,-3266962.0,,600804.0,,0.0,,,22728478.0,20182732.0,,,2688616.0,5816854.0,5816854.0,,,,-2279218.0,,,,0.0,21567564.0,3076756.0,3076756.0,1451791.0,20598979.0,7974979.0,,541564.0,,,,,,,-3802.0,,,,42027.0,,,,,,,42027.0,,69531.0,0.0,,,0.08,,0.08,,,,,,,893655.0,332310.0,,850000.0,,,,,,,1757670.0,408818.0,415430.0,,-178032.0,,,837196.0,-2018552.0,,,-448288.0,,846025.0,,,,-1205662.0,-448288.0,,332310.0,,6612.0,,,-6588.0,,,7528726.0,134259.0,,832421.0,761924.0,2129499.0,22728478.0,2087472.0,,,,,,130854.0,,,,,,-569019.0,-17457.0,-1692742.0,237398.0,,,,,,,,,,,1348852.0,,43655.0,6612.0,,,,,,,,569019.0,,,-17457.0,,,0.0,10000000.0,0.0,0.0,,,2088834.0,492032.0,,,,,,,,,237398.0,5480398.0,2213436.0,,,18546384.0,,,9732649.0,446900.0,20598979.0,,,,0.0,,,,,,3129764.0,,3129764.0,3129764.0
2014-05-31,2014-07-14,10-Q,JEWETT CAMERON TRADING CO LTD,JCTCF,CIK0000885307,USD,,,2090594.0,,962733.0,,,4923144.0,,,,1127861.0,-3301821.0,,600804.0,,0.0,,,20559706.0,18068205.0,,,2688616.0,4240397.0,4240397.0,,,,-1576457.0,0.0,,,0.0,21567564.0,2749678.0,2749678.0,1297457.0,18300609.0,12384976.0,,3080365.0,,,,,,,2355.0,,,,44382.0,,,,,,,44382.0,,73145.0,0.0,,,0.33,,0.33,,,,,,,893655.0,314133.0,,850000.0,,,,,,,2950594.0,1552537.0,1559271.0,,-622942.0,446000.0,,133976.0,-666858.0,,,,,283331.0,-15000.0,,,762010.0,174587.0,,314133.0,,6734.0,,,-6734.0,,,7245395.0,115426.0,,922899.0,761924.0,2259097.0,20559706.0,2214715.0,,,,,,124121.0,,,,,,-3234699.0,-18899.0,1677141.0,936329.0,,,,,,,,,15000.0,,-1398057.0,,43655.0,6734.0,,,,,,,,3234699.0,,,-18899.0,,,0.0,10000000.0,0.0,0.0,,,1326824.0,317445.0,,,,,,,,,936329.0,,2177368.0,,,16402348.0,,,15335570.0,402013.0,18300609.0,,,,0.0,,,,,,2866273.0,,2866273.0,2866273.0
2014-08-31,2014-10-29,10-K,JEWETT CAMERON TRADING CO LTD,JCTCF,CIK0000885307,USD,,,1314755.0,,240825.0,,,2442928.0,,,,1073930.0,-3347854.0,,600804.0,,0.0,-597699.0,,19691820.0,17248477.0,2443343.0,,2688616.0,4327540.0,,,,,-3980905.0,0.0,,,0.0,21567564.0,2704630.0,2704630.0,1276201.0,18198706.0,33961367.0,,432794.0,1056815.0,1246198.0,154111.0,10579.0,,,10579.0,,,,,77087.0,60972.0,-138059.0,,77087.0,0.0,60972.0,,276340.0,0.0,,,0.63,0.63,0.63,,,1314755.0,2442928.0,4327540.0,15000.0,893655.0,295956.0,,850000.0,,,3546.0,,,1700030.0,8378196.0,3084598.0,3115230.0,3115230.0,1256777.0,1521824.0,,-1550585.0,901849.0,,,-275924.0,,-633138.0,,,,-174924.0,-275924.0,,295956.0,,27086.0,,,-26716.0,0.0,111756.0,9154129.0,,,3317228.0,761924.0,1493114.0,19691820.0,1432142.0,60972.0,,124614.0,1000000.0,,-117387.0,,144103.0,,,,-4257768.0,-105525.0,382388.0,1858453.0,,,,,,,,,15000.0,,5293598.0,,43655.0,30632.0,,,,,,27646.0,,454050.0,,,-110325.0,218431.0,,0.0,10000000.0,0.0,0.0,0.0,,762533.0,546347.0,,,,,,,4800.0,,1858453.0,5495241.0,2147387.0,,,16321701.0,,,42339563.0,1700030.0,18198706.0,18198706.0,,,,,,,-4257768.0,,2968220.0,,2968220.0,2968220.0
2014-11-30,2015-01-14,10-Q,JEWETT CAMERON TRADING CO LTD,JCTCF,CIK0000885307,USD,,,1327603.0,,377496.0,,,2720614.0,,,,950107.0,-3398761.0,,600804.0,,0.0,-615875.0,,18737034.0,16361494.0,,,2688616.0,1984977.0,,,,,-2342563.0,0.0,,,0.0,21567564.0,2585661.0,2585661.0,1220064.0,17234016.0,6112594.0,,1236340.0,,,,3717.0,,,3717.0,,,,,,,,,,,64689.0,,69083.0,0.0,,,0.12,,0.12,,,,,,,893655.0,277780.0,,850000.0,,,,,,,1870023.0,529899.0,536794.0,536794.0,-209007.0,0.0,,12848.0,-277686.0,,,,205171.0,-1590622.0,15000.0,,,192557.0,205171.0,,277780.0,,6895.0,,,-6661.0,0.0,87800.0,10744751.0,,,809593.0,761924.0,1503018.0,18737034.0,1438329.0,,,,1000000.0,,110726.0,,117387.0,,,,-1292477.0,-1280.0,-1048806.0,327787.0,,,,,,,,,,,1340124.0,,43655.0,6895.0,,,,,,,,1292477.0,,,-1280.0,33778.0,,0.0,10000000.0,0.0,0.0,,,569976.0,341176.0,,,,,,,,,327787.0,5496521.0,2097760.0,,,15413148.0,,,7982617.0,461448.0,17234016.0,,,,,,,118969.0,,,2688942.0,,2688942.0,2688942.0
2015-02-28,2015-04-13,10-Q,JEWETT CAMERON TRADING CO LTD,JCTCF,CIK0000885307,USD,,,,,189777.0,,,,,,,764236.0,-3451184.0,,600804.0,,0.0,,,19509376.0,17191019.0,,875386.0,2690949.0,,,,,,-1972784.0,0.0,,,0.0,21567564.0,2585661.0,2585661.0,1220064.0,17517576.0,7581284.0,,,,,,-6426.0,,,-6426.0,,,,,,,,,,,58263.0,,70600.0,0.0,,,0.11,,0.11,,,,,,,893655.0,259603.0,,850000.0,,,,,,,1902120.0,466704.0,473892.0,,-190332.0,70198.0,-2313462.0,-373590.0,-2313462.0,,,126559.0,,-358245.0,-1700.0,-373590.0,,-255461.0,126559.0,,259603.0,,7188.0,,,-6588.0,,90384.0,11102996.0,,,853441.0,761924.0,1991800.0,19509376.0,1933537.0,,875386.0,,1000000.0,,104138.0,,117387.0,,,,875386.0,-13417.0,-2834753.0,2015.0,,,,,,,,,,,1435416.0,,43655.0,7188.0,,,,,,,,,,,-13417.0,,,0.0,10000000.0,0.0,0.0,,,825437.0,214617.0,875386.0,,,875386.0,,,,,283560.0,5509938.0,2058754.0,,,15696708.0,,,9483404.0,511375.0,17517576.0,,,,,,,,,,2585661.0,,2585661.0,2585661.0
2015-05-31,2015-07-20,10-Q,JEWETT CAMERON TRADING CO LTD,JCTCF,CIK0000885307,USD,,,,,626523.0,,,4926096.0,,,,959037.0,-3468218.0,,600804.0,,0.0,,,18616166.0,16298477.0,2317689.0,,2686887.0,1836849.0,,,,,1824656.0,,,,0.0,21567564.0,2496610.0,2496610.0,1178044.0,16877102.0,11047607.0,,1059554.0,,,,,,,-2163.0,,,,,,,,,,,56100.0,,71211.0,0.0,,,0.18,,0.18,,,,,,,893655.0,241426.0,,850000.0,,,,,,,2241801.0,779340.0,787216.0,,-326116.0,,,631547.0,107980.0,,,19133.0,,2485712.0,275.0,,,104098.0,19133.0,,241426.0,,8534.0,-658.0,,-6734.0,,81249.0,8617284.0,,,925386.0,761924.0,1739064.0,18616166.0,1682964.0,56100.0,,,3000000.0,,97404.0,,117387.0,,,,-1976960.0,-70543.0,3872159.0,461100.0,,,,,,,,,1425.0,,-1462461.0,,43655.0,7876.0,,,,,,,,1101574.0,,,-70543.0,,,0.0,10000000.0,0.0,0.0,,,721339.0,195484.0,,,,,,,,,,5544481.0,2076263.0,-875386.0,,15098254.0,,,13289408.0,465864.0,16877102.0,,,,,,,89051.0,,,2561702.0,,2561702.0,2561702.0
2015-08-31,2015-11-06,10-K,JEWETT CAMERON TRADING CO LTD,JCTCF,CIK0000885307,USD,,,2009313.0,,984955.0,,3688247.0,3688247.0,,,,1024358.0,-3520910.0,,600804.0,,0.0,-670405.0,,19658419.0,17203458.0,,,2878849.0,4416297.0,,,,,88757.0,0.0,,,0.0,21567564.0,2476832.0,2476832.0,1168712.0,17524135.0,33821114.0,,52236.0,1002996.0,1208277.0,144893.0,-26672.0,,,-26672.0,,,,,103759.0,34300.0,-138059.0,,103759.0,0.0,34300.0,,281762.0,,,,0.69,0.69,0.69,,,,,,,893655.0,223250.0,,850000.0,,,,,,,8417037.0,2923583.0,2955576.0,,1208277.0,688270.0,,694558.0,-1245319.0,,,519777.0,,802554.0,13690.0,,,43074.0,519777.0,,223250.0,,31993.0,,,-26716.0,0.0,120824.0,8351575.0,,,3396793.0,761924.0,2134284.0,19658419.0,2099984.0,,,,3000000.0,,90671.0,90671.0,117387.0,,,26716.0,-2448542.0,-293380.0,2830679.0,1773971.0,,,,,,,,,1310.0,,5493454.0,,43655.0,31993.0,,,,,,10699.0,,54491.0,,,-293380.0,39843.0,,0.0,10000000.0,0.0,0.0,,,719459.0,26570.0,,,,,,,,,1773971.0,5752621.0,2231711.0,,,15754619.0,,,42238151.0,1814899.0,17524135.0,17524135.0,,,,,,4778.0,-2448542.0,,2581850.0,,2581850.0,2581850.0
2015-11-30,2016-01-14,10-Q,JEWETT CAMERON TRADING CO LTD,JCTCF,CIK0000885307,USD,,,2097999.0,,955516.0,,,4319826.0,,,,1142483.0,-3569901.0,,600804.0,,0.0,-688582.0,,20285494.0,17895520.0,,,2878849.0,4360625.0,,,,,-55672.0,0.0,,,0.0,21567564.0,2476832.0,2476832.0,1168712.0,,9561653.0,,,,,,12805.0,,,12805.0,,,,,,47105.0,,,,,47105.0,,75513.0,,,,0.21,,0.21,,,,,,,893655.0,205073.0,,850000.0,,,,,,,2379855.0,885204.0,893938.0,,-361693.0,0.0,,88686.0,-631579.0,,,26570.0,,189334.0,950.0,,,-333009.0,26570.0,,205073.0,,8734.0,,,-6661.0,24.0,72730.0,8162241.0,,,876345.0,761924.0,2229114.0,20285494.0,2182009.0,,,,,,84010.0,,90671.0,,,,,-10526.0,-45146.0,532245.0,,,,,,,,,360.0,,1494651.0,885204.0,43655.0,8734.0,,,,,,,,,,,-10526.0,39843.0,,0.0,10000000.0,0.0,0.0,,,1052468.0,,,,,,,,,,532245.0,5754802.0,2184901.0,,,16286864.0,,,11941508.0,542793.0,18056380.0,18056380.0,,,,,,,,,2476832.0,,2476832.0,2476832.0
2016-02-29,2016-04-13,10-Q,JEWETT CAMERON TRADING CO LTD,JCTCF,CIK0000885307,USD,,,,,753336.0,,,3784595.0,,,,970877.0,-3522489.0,,600804.0,,0.0,,,19950357.0,17591477.0,,,2878849.0,5627987.0,,,,,1267362.0,0.0,,,0.0,21567564.0,2476832.0,2476832.0,1168712.0,,9152554.0,,,,,,-9301.0,,,-9301.0,,,,,,37804.0,,,,,37804.0,,68470.0,,,,0.05,,0.05,,,,,,,893655.0,186897.0,,850000.0,,5600.0,5600.0,-84010.0,,,2035579.0,340617.0,232027.0,,-100067.0,590657.0,535231.0,-373786.0,535231.0,,,-159031.0,,651225.0,360.0,-373786.0,-84010.0,543620.0,-159031.0,,186897.0,,1800.0,,,,,147730.0,7511016.0,,,1095069.0,761924.0,1762017.0,19950357.0,1724213.0,,,,,3000000.0,-84010.0,,,-200000.0,-115990.0,,,-31776.0,1299138.0,131960.0,,,,,,,,,,,1694962.0,340617.0,43655.0,-108590.0,,,,,,,,,,,-37376.0,,,0.0,10000000.0,0.0,0.0,,,508848.0,159031.0,,,,,,,5600.0,,131960.0,5694472.0,2171983.0,,,16418824.0,,,11188133.0,531423.0,18188340.0,18188340.0,,,,,,,,,2476832.0,,2476832.0,2476832.0
2016-05-31,2016-07-14,10-Q,JEWETT CAMERON TRADING CO LTD,JCTCF,CIK0000885307,USD,,,2698740.0,,1304549.0,,4382438.0,4382438.0,,,,1394191.0,-3587290.0,,600804.0,,0.0,,,21054135.0,18746615.0,,,2878849.0,6285575.0,,,,,657588.0,0.0,,,0.0,21567564.0,2413446.0,2413446.0,1138590.0,,11281973.0,,,,,,-33601.0,,,-33601.0,,,,,,4203.0,,,,,4203.0,,82978.0,,,,0.37,,0.37,,,,,,,,168720.0,,850000.0,,,,,,,3176740.0,1504952.0,1507930.0,,-599200.0,,,974527.0,-597843.0,,,159031.0,,213122.0,,,,-271860.0,159031.0,,168720.0,,2978.0,,,,,189761.0,7297894.0,,,1046229.0,761924.0,2702943.0,21054135.0,2698740.0,,,,,3000000.0,-84010.0,,,,,,-745878.0,-31618.0,1435084.0,908730.0,,,,,,,,,,,-1671788.0,1504952.0,,2978.0,,,,,,,,745878.0,,,-31618.0,,,0.0,10000000.0,0.0,0.0,,,780708.0,,,,,,,,,,908730.0,5726090.0,2138800.0,,,16611798.0,,,14458713.0,542581.0,18351192.0,18351192.0,,,,,,63386.0,,,2458170.0,,2458170.0,2458170.0
2016-08-31,2016-11-02,10-K,JEWETT CAMERON TRADING CO LTD,JCTCF,CIK0000885307,USD,,,2313764.0,,839972.0,,3342204.0,3342204.0,,,,1473792.0,-3618420.0,,600804.0,,0.0,-743112.0,,19869772.0,16764634.0,,,3697100.0,4519922.0,4519922.0,,,,103625.0,0.0,,,0.0,21567564.0,2286294.0,2286294.0,1078759.0,,38374405.0,,1325994.0,169869.0,1397741.0,-5834.0,,-2947.0,,-2947.0,,,,,106706.0,31353.0,-138059.0,,106706.0,,31353.0,,276268.0,,,,0.87,0.87,0.87,,,,,,,,150543.0,,850000.0,,5600.0,5600.0,-84010.0,,,9736593.0,3615146.0,3519893.0,,1394794.0,1371707.0,,304451.0,346043.0,,,25974.0,,282558.0,1310.0,,-84010.0,-113436.0,25974.0,,150543.0,,15164.0,-27.0,,-6661.0,27.0,176717.0,8069017.0,,,4055948.0,761924.0,2345117.0,19869772.0,2313764.0,,,,3000000.0,3000000.0,-84010.0,,,-200000.0,-115990.0,,-2124579.0,-920845.0,3149049.0,2125099.0,,,,,,,,,,,6121447.0,3615146.0,43655.0,-95253.0,,,,,,3547.0,-206661.0,1378701.0,,,-926445.0,571551.0,,0.0,10000000.0,0.0,0.0,,,832895.0,596.0,,,,,,,5600.0,,2125099.0,6573015.0,2954595.0,,,15845092.0,,,48110998.0,1789231.0,17524655.0,17524655.0,,,,,,112152.0,-2124579.0,,2435650.0,,2435650.0,2435650.0
2016-11-30,2017-01-17,10-Q,JEWETT CAMERON TRADING CO LTD,JCTCF,CIK0000885307,USD,,,1748861.0,,618293.0,,3386389.0,3386389.0,,,,1130568.0,-3668884.0,,600804.0,,0.0,-761288.0,,20098598.0,16836478.0,,,3913613.0,4899362.0,,,,,379440.0,,,,0.0,21567564.0,2286294.0,2286294.0,1078759.0,,8027362.0,,,,,,,,,-3165.0,,,,,,28188.0,,,,,28188.0,,68640.0,,,,0.21,,0.21,,,,,,,,132367.0,,850000.0,,,,,,,2394442.0,,794325.0,,-308405.0,0.0,,-564903.0,-44185.0,310974.0,,596.0,,380408.0,,,,-29223.0,596.0,,132367.0,,1820.0,,,,0.0,167584.0,7688609.0,,,982249.0,761924.0,2088023.0,20098598.0,2059835.0,,,,3000000.0,3000000.0,,,,,,,,-225622.0,605062.0,485920.0,,,,,,,,,,,1601937.0,792505.0,43655.0,1820.0,,,,,,,,,,,-225622.0,53570.0,,0.0,10000000.0,0.0,0.0,,,862118.0,,,,,,,,,,794933.0,6798637.0,3129753.0,,,16331012.0,,,10421804.0,551048.0,18010575.0,18319588.0,,,,,,,,310974.0,2286294.0,,2286294.0,2286294.0
2017-02-28,2017-04-13,10-Q,JEWETT CAMERON TRADING CO LTD,JCTCF,CIK0000885307,USD,,,1352487.0,,302684.0,,4547741.0,4547741.0,,,,1049803.0,,,600804.0,,1308.0,,,19698888.0,16409696.0,,,3990308.0,2018532.0,,,,,-2880830.0,0.0,,,0.0,21567564.0,2286294.0,2286294.0,1078759.0,,7370224.0,,,,,,,,,7705.0,,,,,,26813.0,,,,,26813.0,,69368.0,,,,0.14,,0.14,,,,,,,,114190.0,,850000.0,,,-393.0,,,,2129062.0,,549841.0,,-240828.0,,,-396374.0,-1161352.0,,,-310974.0,,-1197634.0,,,,54425.0,-149487.0,,114190.0,,2000.0,,,,,167057.0,8886243.0,,,1057792.0,761924.0,1379300.0,19698888.0,1352487.0,,,,3000000.0,3000000.0,,,,,,,,-105913.0,-2774917.0,309013.0,,,,,,,,,,,1580828.0,548234.0,43655.0,1607.0,,,,,,,,,,,-109393.0,,,0.0,10000000.0,0.0,0.0,,,807693.0,149487.0,,,,,,,3480.0,,309013.0,6562866.0,3175002.0,,,16640025.0,,,9499286.0,453668.0,18319588.0,,,,,,,,,,2286294.0,,2286294.0,2286294.0
2017-05-31,2017-07-17,10-Q,JEWETT CAMERON TRADING CO LTD,JCTCF,CIK0000885307,USD,,,2017.0,,891623.0,,5532541.0,5532541.0,,317074.0,,1710069.0,-3454381.0,,600804.0,,0.0,,,22478004.0,19231074.0,,,3990308.0,4872068.0,,,,,2853536.0,,,,0.0,21567564.0,2286294.0,2286294.0,1078759.0,,12906533.0,,,,,,-2378.0,,,,,,,,,33515.0,,,,,33515.0,,84693.0,,,,0.26,,0.26,,,,,,,,96014.0,,850000.0,,,,,,,3811701.0,,2025638.0,,-819503.0,,,1249205.0,-984800.0,317074.0,,,,832580.0,,,,34891.0,149487.0,,96014.0,,2400.0,,,,,157879.0,8053663.0,,,1237756.0,761924.0,2952281.0,22478004.0,2918766.0,,,,3000000.0,3000000.0,,,,,,,,-33351.0,2886887.0,1206135.0,,,,,,,,,,,-1788463.0,2023238.0,43655.0,2400.0,,,,,,,,,,,-33351.0,,,0.0,10000000.0,0.0,0.0,,,772802.0,,,,,,,,,,1206135.0,6605297.0,3150916.0,,,17846160.0,,,16718234.0,466014.0,19525723.0,19525723.0,,,,,,,,,4572588.0,,4572588.0,2286294.0
2017-08-31,2017-11-13,10-K,JEWETT CAMERON TRADING CO LTD,JCTCF,CIK0000885307,USD,,,2445320.0,,638128.0,,3565055.0,3565055.0,,,,1807192.0,3488718.0,,600804.0,,1725.0,-815818.0,,22181035.0,18880626.0,,,4097438.0,5912250.0,5912250.0,,,,1392328.0,0.0,,,0.0,21567564.0,4468988.0,4468988.0,1054316.0,,36621773.0,36621773.0,507217.0,1516880.0,1758603.0,217184.0,,-20009.0,,-20009.0,,,,11344.0,126715.0,11344.0,-138059.0,,126715.0,,11344.0,11344.0,275214.0,,,,0.6,0.6,0.6,,,,,,,,77837.0,,850000.0,,,-394.0,,,,11079283.0,,4465251.0,,1758603.0,1718725.0,,131556.0,-222851.0,,,,,-738528.0,,,,237119.0,596.0,,77837.0,,27894.0,,,,,156713.0,8807545.0,,,4349542.0,761924.0,2456664.0,22181035.0,2445320.0,,,,3000000.0,3000000.0,,,,,,,-526941.0,-470879.0,2390148.0,2726657.0,,,,,,,,,,,6641532.0,4437751.0,43655.0,27500.0,,,,,,7982.0,,1053882.0,,,-474359.0,336473.0,,0.0,10000000.0,0.0,0.0,0.0,,595776.0,,,,,,,3480.0,3480.0,,2726657.0,6711290.0,3222572.0,,,18069251.0,47701056.0,,47701056.0,2016776.0,19724371.0,19724371.0,,,,,,125400.0,-526941.0,,4545044.0,,4545044.0,2272522.0
2017-11-30,2018-01-16,10-Q,JEWETT CAMERON TRADING CO LTD,JCTCF,CIK0000885307,USD,,,2309808.0,,544736.0,,3363541.0,,,,,1765072.0,-3523271.0,,600804.0,,0.0,-833332.0,,22356612.0,19084300.0,,,4090527.0,5560066.0,,,,,-352184.0,,,,0.0,21567564.0,2234494.0,2234494.0,1054316.0,,7227222.0,7227222.0,,,,,,,10221.0,-21565.0,,,,,,,,,,,,,72665.0,,,,0.07,,0.07,,,,,,,,60323.0,,850000.0,,,-27552.0,,,,2186748.0,,545440.0,,-223007.0,0.0,,-135512.0,201514.0,,,,,-312590.0,,,,-444782.0,,,60323.0,,2690.0,,,,0.0,186713.0,9120135.0,,,1097904.0,761924.0,2309808.0,22356612.0,2309808.0,,,,,,,,,,,,,-61899.0,-290285.0,322433.0,,,,,,,,,,,1616446.0,570302.0,43655.0,-24862.0,,,,,,,,,,,-61899.0,46962.0,,0.0,10000000.0,0.0,0.0,,,1040558.0,,,,,,,,,,322433.0,6725039.0,3201768.0,,,18391684.0,9413970.0,,9413970.0,445877.0,20046804.0,20046804.0,,,,,,,,,4468988.0,,4468988.0,2234494.0
2018-02-28,2018-04-16,10-Q,JEWETT CAMERON TRADING CO LTD,JCTCF,CIK0000885307,USD,,,2048481.0,,782869.0,,6064903.0,,,,,1265612.0,-3456223.0,,600804.0,,0.0,,,22640618.0,19497600.0,,,4090527.0,2790723.0,2790723.0,,,,,,,,0.0,21567564.0,2234494.0,2234494.0,1054316.0,,10705532.0,10705532.0,,,,,,,,,,,,37035.0,,,,,,,37035.0,,122745.0,,,,0.11,,0.11,,2790723.0,,,,,,3862.0,,43655.0,,,530.0,,,,2635806.0,,726567.0,,-218269.0,,,,,,,,,,,,,,,0.0,3590.0,,5793.0,,,,,139704.0,9289193.0,,,1176743.0,761924.0,2085516.0,22640618.0,2048481.0,,,,3000000.0,,,,,,,,,,,508298.0,,,,,,,,,,,1915562.0,720244.0,43655.0,5793.0,,,,,,,,,,,,,,0.0,10000000.0,0.0,0.0,,,883204.0,469577.0,,,,,,,,,508298.0,6595379.0,3139156.0,,,18899982.0,13341338.0,1176743.0,13341338.0,616074.0,20555102.0,20555102.0,,,,,,,,,4468988.0,,2234494.0,4468988.0
2018-05-31,2018-07-11,10-Q,JEWETT CAMERON TRADING CO LTD,JCTCF,CIK0000885307,USD,,,3054633.0,,1219344.0,,7092526.0,,,,,1835289.0,-3527647.0,,600804.0,,0.0,,,25051723.0,21946869.0,,,4090527.0,6251001.0,6251001.0,,,,,,,,0.0,21567564.0,4468988.0,4468988.0,1054316.0,,15944995.0,15944995.0,,,,,,,,,,,,52779.0,,,,,,,52779.0,,71560.0,,,,0.31,,0.31,,,,,,,,3726.0,,,,,0.0,,,,3989714.0,,2017001.0,,-627792.0,,,,,,,,,,,,,,,0.0,3726.0,,8156.0,,,,,117906.0,7713010.0,,,1312479.0,761924.0,3107412.0,25051723.0,3054633.0,,,,3000000.0,,,,,,,,,,,1389209.0,8156.0,,,,,,,,,,-1980869.0,2008845.0,43655.0,8156.0,,,,,,,,,,,,,,0.0,10000000.0,0.0,0.0,0.0,,775919.0,114413.0,,,,,,,,,1389209.0,6628775.0,3101128.0,,,20289191.0,19934709.0,1312479.0,19934709.0,596830.0,21944311.0,21944311.0,,,,,,,,,4468988.0,,4468988.0,4468988.0
2018-08-31,2018-11-15,10-K,JEWETT CAMERON TRADING CO LTD,JCTCF,CIK0000885307,USD,,,2172299.0,,377092.0,,4152492.0,4152492.0,,,,1795207.0,3534607.0,,600804.0,,0.0,-40065.0,,23627563.0,20518713.0,,,4090527.0,6097463.0,6097463.0,,185213.0,,185213.0,,,0.0,0.0,21567564.0,4314659.0,4314659.0,1017908.0,,,42325338.0,,1083541.0,1288275.0,228332.0,,,,70509.0,,,,81853.0,56206.0,81853.0,-138059.0,,56206.0,0.0,81853.0,,274065.0,,,,0.66,0.66,0.66,,,,,,,,3590.0,,43655.0,,,-27022.0,,,,11597814.0,4276419.0,4279423.0,,1288275.0,1445522.0,,-273021.0,-587437.0,,,,,-995652.0,-4000.0,,,248525.0,-114310.0,0.0,3590.0,3590.0,30026.0,,,,0.0,75336.0,9803197.0,75336.0,,4943431.0,761924.0,2254152.0,23627563.0,2172299.0,,,,3000000.0,,,,,,,,-1271599.0,-109528.0,1566340.0,2920639.0,3004.0,,,,,,,,4000.0,,7321395.0,4276419.0,43655.0,30026.0,,,,,,19394.0,,2543198.0,-1271599.0,,-110528.0,363606.0,0.0,0.0,10000000.0,0.0,0.0,,,347251.0,114310.0,,0.0,,,,1000.0,1000.0,,3621338.0,6639867.0,3105260.0,,,19754699.0,53923152.0,4943431.0,,2103899.0,21373411.0,21373411.0,,,,,,308658.0,-2543198.0,,4430940.0,,4430940.0,4430940.0
2018-11-30,2019-01-14,10-Q,JEWETT CAMERON TRADING CO LTD,JCTCF,CIK0000885307,USD,,,2708331.0,,1478454.0,,3734550.0,3734550.0,,27330.0,,1229877.0,,,600804.0,,0.0,-40200.0,,23652069.0,20594089.0,,,4090527.0,5427820.0,5427820.0,,-669643.0,,-669643.0,,,,0.0,21567564.0,4218988.0,4218988.0,995337.0,,,6757014.0,,,,,,,,4826.0,,,,86679.0,,,,,,,86679.0,,50870.0,,,,0.08,0.08,0.08,,,,,,,,3455.0,,43655.0,,,,,,,2309086.0,479009.0,496160.0,,-146466.0,0.0,,536032.0,417942.0,27330.0,,27330.0,,-1121813.0,1903.0,,,-157361.0,114310.0,0.0,3455.0,,17151.0,,,,0.0,75336.0,10925010.0,,,1223059.0,761924.0,2822340.0,23652069.0,2735661.0,,,,3000000.0,,,,,,,,-893376.0,0.0,223733.0,349694.0,,,,,,,,,2097.0,,1830077.0,479009.0,,17151.0,,,,,,,,893376.0,-893376.0,,0.0,56921.0,,0.0,10000000.0,0.0,0.0,,,504612.0,,,,,,,,,,349694.0,6637367.0,3054525.0,,,19233588.0,9066100.0,1223059.0,,556148.0,20829729.0,20829729.0,,,,,,95671.0,-893376.0,,4256361.0,,4256361.0,4256361.0
2019-02-28,2019-04-15,10-Q,JEWETT CAMERON TRADING CO LTD,JCTCF,CIK0000885307,USD,,,1313431.0,,368673.0,,3197120.0,3197120.0,,,,944758.0,,,600804.0,,0.0,,,22278746.0,19485476.0,,,4072741.0,3706604.0,3706604.0,,,,,,,0.0,,21567564.0,4210538.0,4210538.0,993344.0,,,6095887.0,,,,,,,,,,,,79886.0,,,,,,,79886.0,,45401.0,,,,0.03,,0.03,,,,,,,,,,43655.0,,,105365.0,,,,1761288.0,57625.0,,,-52545.0,,,,,,,,,,,,,,,0.0,3319.0,3319.0,9184.0,,,,,,11705607.0,,,,559065.0,1393317.0,22278746.0,1313431.0,,,,3000000.0,,,,,,,,,,,119629.0,,,,,,,,,1797.0,,1703663.0,57625.0,,114549.0,,,,,,,,63929.0,,,,,0.0,,10000000.0,,,,,565516.0,308832.0,,,,,,,,,,6350645.0,2789951.0,,,19291281.0,7857175.0,1252374.0,,405888.0,20885429.0,20885429.0,,,,,,8450.0,,,4218348.0,,,4218348.0
2019-05-31,2019-07-15,10-Q,JEWETT CAMERON TRADING CO LTD,JCTCF,CIK0000885307,USD,,,2090151.0,,643340.0,,7125024.0,7125024.0,,,,1446811.0,,,600804.0,,0.0,,,22455098.0,19700857.0,,,4072741.0,3437995.0,3437995.0,,,,,,,,,21567564.0,4015396.0,4015396.0,947310.0,,,13054487.0,,,,,,,,,,,,85850.0,,,,,,,85850.0,,47141.0,,,,0.27,,0.27,,,,,,,,,,43655.0,,,0.0,,,,3637754.0,1506638.0,,,-415461.0,,,,,,,,,,,,,,,0.0,3183.0,3183.0,7033.0,,,,,,8629973.0,672760.0,,,559065.0,2176001.0,22455098.0,2090151.0,,,,3000000.0,,,,,,,,,,,1098210.0,7033.0,,,,,,,,1597.0,,-2131116.0,,,7033.0,,,,,,,,1704543.0,,,,,,,10000000.0,,,,,325983.0,180285.0,,,,,,,,,,6358757.0,2751058.0,,,18730983.0,16692241.0,1324267.0,,759708.0,20279097.0,20279097.0,,,,,,195142.0,,,4022587.0,,,4022587.0
2019-08-31,2019-11-13,10-K,JEWETT CAMERON TRADING CO LTD,JCTCF,CIK0000885307,USD,,,1722607.0,,410027.0,,2835952.0,2835952.0,,0.0,,1312580.0,,,618707.0,0.0,,,,22214677.0,19484223.0,,,4072741.0,9652310.0,9652310.0,,3554847.0,,,,,0.0,,21567564.0,3971282.0,3971282.0,936903.0,,,35481931.0,,605466.0,808341.0,173114.0,,,,-20649.0,,,,,76855.0,61204.0,138059.0,,76855.0,0.0,61204.0,,191819.0,,,85000.0,0.5,0.5,0.5,,,,,,,,,,43655.0,,,105366.0,,,,9964431.0,2737550.0,,,808341.0,917000.0,,-449692.0,1316540.0,,,0.0,,3425392.0,2803.0,,,-46288.0,-109110.0,0.0,3048.0,3048.0,45228.0,,,,0.0,,6377805.0,119357.0,,,559065.0,1783811.0,22214677.0,1722607.0,,,,3000000.0,,,,,,,,-3042997.0,291943.0,6305901.0,2100452.0,150594.0,1197.0,,,,0.0,0.0,,1197.0,,7226881.0,,,150594.0,,,,,,8383.0,,399593.0,3061441.0,,32732.0,295557.0,0.0,,10000000.0,,,,,393539.0,223420.0,,18444.0,0.0,,,,324675.0,,2633370.0,6383376.0,2727406.0,,,18875256.0,45446362.0,4907766.0,,2127296.0,20430866.0,20430866.0,,2294.0,,,36888.0,46408.0,-3461034.0,,4233304.0,,,4233304.0
2019-11-30,2020-01-14,10-Q,JEWETT CAMERON TRADING CO LTD,JCTCF,CIK0000885307,USD,,,1424877.0,,238133.0,,2164026.0,2164026.0,,,,1186744.0,,,618707.0,0.0,,,,21896225.0,19185169.0,,,4088328.0,8969249.0,8969249.0,,-683061.0,,,,,0.0,,21567564.0,3971282.0,3971282.0,936903.0,,,5006835.0,,,,,,,,-14101.0,,,,,,,,,,,47103.0,,48148.0,,,125000.0,0.0,0.0,0.0,,,,,,,,,,43655.0,,,,,,,2048343.0,-10874.0,,,-7362.0,0.0,,-297730.0,671926.0,,,0.0,,-902321.0,200.0,,,-175276.0,21464.0,0.0,2912.0,2912.0,11615.0,,,,0.0,,7280126.0,165000.0,,,559065.0,1471980.0,21896225.0,1424877.0,,,,3000000.0,,,,,,,,0.0,-28750.0,-654311.0,-6621.0,,,,,,,,,997.0,,2059217.0,,,741.0,,,,,,,,399593.0,0.0,,28750.0,119568.0,0.0,,10000000.0,,,,,568815.0,201956.0,,,,,,,,,-6621.0,6412126.0,2708144.0,,,18868635.0,7055178.0,1362059.0,,649010.0,20424245.0,20424245.0,,,,,,46408.0,,,3971282.0,,,3971282.0
2020-02-29,2020-04-14,10-Q,JEWETT CAMERON TRADING CO LTD,JCTCF,CIK0000885307,USD,,,1371348.0,,449586.0,,2700664.0,2700664.0,,,,921762.0,,,618707.0,0.0,,,,17840080.0,15063434.0,,,4088328.0,3875531.0,3875531.0,,,,,,,0.0,,21567564.0,3481162.0,3481162.0,821284.0,,,5616672.0,,,,,,,,,,,,,,,,,,,85796.0,,58063.0,,,,-0.05,,-0.05,,,,,,,,,,16405.0,,,400.0,,,,2005255.0,-163020.0,,,-18226.0,,,,,,,,,,,,,,,0.0,779.0,779.0,6584.0,,,,,,7248548.0,32538.0,,,559065.0,1457144.0,17840080.0,1371348.0,,,,3000000.0,,,,,,,,,,,-174262.0,,,,,,,,,897.0,,2168275.0,,,-156036.0,,,,,,,,3867046.0,,,,,0.0,,10000000.0,,,,,867792.0,370002.0,,,,,,,,,,6444178.0,2775867.0,,,14942945.0,7621927.0,1346302.0,,763910.0,16382936.0,16382936.0,,,,,,490120.0,,,3562630.0,,,3562630.0
2020-05-31,2020-07-15,10-Q,JEWETT CAMERON TRADING CO LTD,JCTCF,CIK0000885307,USD,,,3170899.0,,1520610.0,,6880459.0,6880459.0,,,,1650289.0,,,618707.0,0.0,,,,21732290.0,18956659.0,,,4088328.0,3269289.0,3269289.0,,,,,,,0.0,,21567564.0,3481162.0,,821284.0,,,11931746.0,,,,,,,,,,,,,,,,,,,100775.0,,54781.0,,,,0.4,,0.4,,,,,,,,,,,,,2200.0,,,,4309493.0,1913582.0,1918999.0,,-522026.0,,,,,,,,,,,,,,,0.0,,719.0,3217.0,,,,,,6786087.0,32538.0,,,559065.0,3952381.0,21732290.0,3473435.0,,,,3000000.0,,,,,,,,,,,1396973.0,,563010.0,,,,302536.0,378171.0,,,562713.0,2395911.0,,,5417.0,,,,,,,,3867046.0,,,,,0.0,,10000000.0,,,,,1336080.0,121734.0,,,,,,,,,,6492851.0,2774912.0,,,16339918.0,16241239.0,1635051.0,,706079.0,17779909.0,17779909.0,,,,,,,,,3481162.0,,,3481162.0
2020-08-31,2020-11-12,10-K,JEWETT CAMERON TRADING CO LTD,JCTCF,CIK0000885307,USD,,,3111361.0,,1095061.0,,6274426.0,6274426.0,,40596.0,,2016300.0,,,618707.0,0.0,,,,23277961.0,20309737.0,,,4182332.0,3801037.0,3801037.0,,-5851273.0,,,,,0.0,,21567564.0,3481162.0,,821284.0,,,32472080.0,,807223.0,1068883.0,218611.0,,,,35748.0,,,,,41107.0,96952.0,138059.0,,41107.0,0.0,96952.0,,217712.0,,,,0.77,0.77,0.77,,,,,,,,,0.0,16405.0,,,6600.0,,0.0,,12473183.0,3858136.0,3889156.0,,1068883.0,741406.0,,1388754.0,3438474.0,,,40596.0,,2820341.0,-1197.0,,,642589.0,-223420.0,0.0,659.0,659.0,24420.0,0.0,,,0.0,,9198146.0,65000.0,,,559065.0,3929616.0,23277961.0,3494283.0,,,,3000000.0,,,,,,,,-3186339.0,-448882.0,-2216052.0,4352961.0,,0.0,0.0,680707.0,680707.0,342326.0,338381.0,,,,8615047.0,,,31020.0,,,,,,68980.0,,3867046.0,3867046.0,,449282.0,439368.0,0.0,,10000000.0,,,,,1036128.0,0.0,0.0,0.0,680707.0,,400.0,,400.0,,2784525.0,6689467.0,2967565.0,,,17908354.0,44945263.0,5894346.0,,2502989.0,19348345.0,19348345.0,,,,,0.0,490120.0,-3867046.0,,3623413.0,,,3623413.0
2020-11-30,2021-01-14,10-Q,JEWETT CAMERON TRADING CO LTD,JCTCF,CIK0000885307,USD,,,2656500.0,,974176.0,,4246957.0,4246957.0,,219636.0,,1682324.0,,,618707.0,0.0,,,,23449883.0,20347941.0,,,4315905.0,5839952.0,5839952.0,,2038915.0,,,,,0.0,,21567564.0,3481162.0,,821284.0,,,7353385.0,,,,,,,,-40784.0,,,,,,,,,,,56168.0,,50529.0,,,,0.14,,0.14,,,,,,,,,,16405.0,,,,,,,2962899.0,623783.0,626783.0,,-138256.0,0.0,,-454861.0,-2027469.0,,,179040.0,,223013.0,0.0,,,-196255.0,0.0,0.0,599.0,599.0,3000.0,,,,0.0,,9421159.0,65000.0,,,559065.0,3613011.0,23449883.0,3292124.0,,,,3000000.0,,,,,,,,0.0,-184247.0,2223162.0,488527.0,,,,,680707.0,415988.0,264719.0,,,,2339116.0,,,3000.0,,,,,3000.0,,,,,,184247.0,133102.0,0.0,,10000000.0,,,,,839873.0,,0.0,,680707.0,,,,,,488527.0,6873714.0,3101343.0,,,18396881.0,10316284.0,1593959.0,,694628.0,19836872.0,19836872.0,,,,,0.0,,70391.0,,3481162.0,,,3481162.0
2021-02-28,2021-04-14,10-Q,JEWETT CAMERON TRADING CO LTD,JCTCF,CIK0000885307,USD,,,2686480.0,,756881.0,,5089561.0,5089561.0,,0.0,,1929599.0,,,618707.0,0.0,,,,23234158.0,19822487.0,,,4568735.0,2891734.0,2891734.0,,,,,,,0.0,,21567564.0,3489161.0,,823171.0,,,7848779.0,,,,,,,,,,,,,,,,,,,12872.0,,55290.0,,,,-0.02,,-0.02,,,,,,,,,,16405.0,,,0.0,,,,2611576.0,-63162.0,,,6998.0,,,,,,,,,,,,,,,0.0,539.0,539.0,3000.0,,,,,,10035546.0,250000.0,,,559065.0,3380059.0,23234158.0,3215919.0,,,,3000000.0,,,,,,,,,,,-53164.0,,,,,680707.0,529439.0,151268.0,,,,2674738.0,,,-60162.0,,,,,,,,,,,,,0.0,,10000000.0,,,,,1498213.0,307433.0,,,,,,,,,,6994619.0,3411132.0,,,18412221.0,10460355.0,1723474.0,,895974.0,19854099.0,19854099.0,,,,,,,,,3486495.0,,,3486495.0
2021-05-31,2021-07-15,10-Q,JEWETT CAMERON TRADING CO LTD,JCTCF,CIK0000885307,USD,,,3847956.0,,1557721.0,,11051061.0,11051061.0,,230190.0,,2290235.0,,,687211.0,0.0,,,,27381915.0,23569603.0,,,5012285.0,2170046.0,2170046.0,,,,,,,0.0,,21567564.0,3489161.0,,823171.0,,,16037702.0,,,,,,,,,,,,,,,,,,,39184.0,,69353.0,,,,0.69,,0.69,,,,,,,,,,28905.0,,,0.0,,687387.0,,5582250.0,2638010.0,3319115.0,,-904638.0,,,,,,,,,,,,,,,0.0,12910.0,12910.0,,,,,,,7767640.0,250000.0,,,559065.0,5113340.0,27381915.0,5074156.0,,,,3000000.0,,,,,,,,,,,2414477.0,,,996010.0,,0.0,0.0,0.0,,,,2944240.0,,,681105.0,,,,,,,,,,,,,0.0,,10000000.0,,,,,2580856.0,,,,,,,,,,,7452113.0,3799402.0,,,20758193.0,21619952.0,1908588.0,,966299.0,22268575.0,22268575.0,,,,,,,,,3489161.0,,,3489161.0
2021-08-31,2021-11-29,10-K,JEWETT CAMERON TRADING CO LTD,JCTCF,CIK0000885307,USD,,,3147765.0,,1349677.0,,7086503.0,7086503.0,,0.0,,1798088.0,,,687211.0,0.0,,,,29138399.0,25220959.0,,,5112129.0,1184313.0,1184313.0,,-2616724.0,,,,,0.0,,21567564.0,3489161.0,,823171.0,,,43354897.0,,928062.0,949262.0,204632.0,,,,19993.0,,,,,,116945.0,101202.0,,,0.0,116945.0,,244279.0,,,,0.99,0.99,0.99,,,,,,,,,-30755.0,47160.0,,,0.0,,687387.0,,14146646.0,3739692.0,4424208.0,,949262.0,1228299.0,,36404.0,812077.0,,,-40596.0,,5193219.0,0.0,,,1269692.0,252959.0,0.0,30897.0,30897.0,,0.0,,,8640.0,,14391365.0,250000.0,,,559065.0,6264710.0,29138399.0,6147765.0,,,,3000000.0,,,,,,,,3000000.0,-1193494.0,-4423230.0,3454953.0,,,3000000.0,,,0.0,0.0,,,,10406954.0,,,684516.0,,,,,,-139269.0,,,0.0,,1162739.0,530311.0,0.0,,10000000.0,,,,,2305820.0,252958.0,3000000.0,,0.0,,0.0,,,,3454953.0,7608093.0,3886543.0,,,21363307.0,57501543.0,6957730.0,,3204945.0,22873689.0,22873689.0,7999.0,,,70391.0,-70391.0,,,,3486537.0,,,3486537.0
2021-11-30,2022-01-14,10-Q,JEWETT CAMERON TRADING CO LTD,JCTCF,CIK0000885307,USD,,,3679272.0,,2084438.0,,5806987.0,5806987.0,,,,1594834.0,,,725729.0,0.0,,,,31327040.0,26888863.0,,,5701044.0,1235445.0,1235445.0,,51132.0,,,,,0.0,,21567564.0,3492842.0,,824039.0,,,10452861.0,,,,,,,,8889.0,,,,,,,,,,,125834.0,,69638.0,,,,-0.11,,-0.11,,,,,,,,,,,,,,,,,2464863.0,-467181.0,-484457.0,,93316.0,,,531507.0,-1279516.0,,,0.0,,2832562.0,,,,-38479.0,102205.0,,,30629.0,,,,,,,17223927.0,250000.0,,,559065.0,8805106.0,31327040.0,8679272.0,,,,10000000.0,,,,,,,,2000000.0,-590375.0,-1358493.0,-391141.0,,,5000000.0,,,,,,,,2932044.0,,,3000.0,,,,,-17276.0,,,,,,590375.0,146235.0,0.0,,10000000.0,,,,,2267341.0,355163.0,2000000.0,,,,,,,,,8198468.0,4407548.0,,,20972166.0,12917724.0,1874118.0,,988288.0,22521934.0,22521934.0,,,,,-39386.0,,39386.0,,3491103.0,,,3491103.0
