end,filed,form,Name,Ticker,CIK,Currency,AccountsReceivableFromSecuritization,AccruedProfessionalFeesCurrentAndNoncurrent,AssetManagementCosts,Assets,Cash,CashAndCashEquivalentsAtCarryingValue,CashAndCashEquivalentsPeriodIncreaseDecrease,CashCashEquivalentsRestrictedCashAndRestrictedCashEquivalents,CashCashEquivalentsRestrictedCashAndRestrictedCashEquivalentsPeriodIncreaseDecreaseIncludingExchangeRateEffect,CommissionsPayableToBrokerDealersAndClearingOrganizations,CommitmentsAndContingencies,CustodyFees,DebtInstrumentCollateralAmount,DebtInstrumentInterestRateStatedPercentage,Deposits,DepositsMoneyMarketDeposits,DerivativeNumberOfInstrumentsHeld,DerivativeNumberOfInstrumentsHeld,DividendIncomeOperating,DividendsReceivable,DueFromOfficersOrStockholders,DueFromRelatedParties,DueToCorrespondentBrokers,DueToOfficersOrStockholdersCurrentAndNoncurrent,DueToRelatedPartiesCurrentAndNoncurrent,FeesAndCommissions,FloorBrokerageExchangeAndClearanceFees,GainLossOnSaleOfInvestments,GeneralPartnersCapitalAccount,IncreaseDecreaseDueFromOfficersAndStockholders,IncreaseDecreaseInAccountsAndOtherReceivables,IncreaseDecreaseInAccruedInterestReceivableNet,IncreaseDecreaseInAccruedLiabilities,IncreaseDecreaseInDividendsReceivable,IncreaseDecreaseInFinancialInstrumentsUsedInOperatingActivities,IncreaseDecreaseInInsuranceLiabilities,IncreaseDecreaseInOtherOperatingAssets,IncreaseDecreaseInOtherOperatingLiabilities,IncreaseDecreaseInPayablesToBrokerDealers,IncreaseDecreaseInPrepaidInsurance,IncreaseDecreaseInTradingLiabilities,InterestIncomeOperating,InterestReceivable,InvestmentOwnedPercentOfNetAssets,InvestmentOwnedUnderlyingFaceAmountAtMarketValue,Liabilities,LiabilitiesAndStockholdersEquity,LicenseCosts,LimitedPartnersCapitalAccount,LimitedPartnersCapitalAccountUnitsOutstanding,ManagementFeeExpense,ManagementFeePayable,NetCashProvidedByUsedInFinancingActivities,NetCashProvidedByUsedInFinancingActivitiesContinuingOperations,NetCashProvidedByUsedInOperatingActivities,NetCashProvidedByUsedInOperatingActivitiesContinuingOperations,NetIncomeLoss,NetIncomeLossNetOfTaxPerOutstandingLimitedPartnershipUnitDiluted,NetIncomeLossPerOutstandingLimitedPartnershipUnit,NetIncomeLossPerOutstandingLimitedPartnershipUnit,NetIncomeLossPerOutstandingLimitedPartnershipUnit,NetIncomeLossPerOutstandingLimitedPartnershipUnitBasicNetOfTax,NetIncomeLossPerOutstandingLimitedPartnershipUnitDiluted,NetIncomeLossPerOutstandingLimitedPartnershipUnitDiluted,NetIncomeLossPerOutstandingLimitedPartnershipUnitDiluted,NoninterestExpenseDirectorsFees,NoninterestExpenseTransferAgentAndCustodianFees,OperatingExpenses,OtherAssets,OtherExpenses,OtherGeneralExpense,OtherIncome,OtherLiabilities,OtherReceivables,PartnersCapital,PartnersCapitalAccountContributions,PartnersCapitalAccountRedemptions,PartnersCapitalAccountUnitsContributed,PartnersCapitalAccountUnitsRedeemed,PrepaidInsurance,ProceedsFromPartnershipContribution,ProfessionalFees,ReceivableFromOfficersAndDirectorsForIssuanceOfCapitalStock,RestrictedCashAndCashEquivalents,RevenueFromContractWithCustomerIncludingAssessedTax,Revenues,TradingLiabilities,UnrealizedGainLossOnDerivativesAndCommodityContracts,UnrealizedGainLossOnInvestments,WeightedAverageLimitedPartnershipUnitsOutstanding,UnrecognizedTaxBenefitsIncomeTaxPenaltiesAndInterestAccrued
2009-12-31,2010-03-30,10-K,"United States 12Â Month Natural Gas Fund, LP",UNL,CIK0001405513,USD,,,,,,32056391.0,,,,,,,,,,,,,,,,,,,,,,,,,,,,,,,,,,,,,,,,,,,,,,,,,,,2571872.0,,,,,,,,,,,,,,,,,,37637148.0,40652357.0,5588081.0,800000.0,100000.0,,,,,,,,,,,,
2010-06-30,2010-08-16,10-Q,"United States 12Â Month Natural Gas Fund, LP",UNL,CIK0001405513,USD,,,62548.0,,,26545954.0,,,,,,,,,,,,,3342.0,,,,,,,,4193.0,-2761400.0,,,,,,,,,,,,,,423.0,,,,,,,,,,,,,,,1738676.0,,,1.82,,,,2.05,,,,80449.0,,7290.0,,3000.0,,,,,,,,,,36900.0,,,,1819125.0,,,4573760.0,846154.0,
2010-09-30,2010-11-15,10-Q,"United States 12Â Month Natural Gas Fund, LP",UNL,CIK0001405513,USD,,,61326.0,,,36994697.0,,,,,,,,,,,,,4198.0,,,,,,,,2660.0,-1781810.0,,,,,,,,,,,,,,520.0,,,,,,,,,,,,,,,-6601893.0,,,-8.03,,,,-7.78,,,,70101.0,,6115.0,,2000.0,,,,,,,,,,,,,,-6531792.0,,,-4756700.0,848913.0,
2010-12-31,2011-03-31,10-K,"United States 12Â Month Natural Gas Fund, LP",UNL,CIK0001405513,USD,,,249022.0,35258217.0,6966692.0,30313275.0,-1743116.0,,,4685.0,,,,,,,,,13917.0,1063.0,151689.0,,,23857.0,,,12869.0,-9574510.0,,15011.0,,0.0,,334.0,3026276.0,,558.0,1904.0,1485.0,,0.0,1610.0,,,,236204.0,35258217.0,8499.0,35022013.0,1000000.0,,,11104856.0,,-12847972.0,,-13719991.0,,,-18.75,-18.75,,,-15.42,-15.42,1107140.0,,482966.0,558.0,16070.0,,8000.0,2657.0,,35022013.0,30789052.0,19684196.0,800000.0,500000.0,,30789052.0,205005.0,,,,-13388713.0,,-3837730.0,-3837730.0,889863.0,
2011-03-31,2011-05-16,10-Q,"United States 12Â Month Natural Gas Fund, LP",UNL,CIK0001405513,USD,,,58248.0,,,33565502.0,3252227.0,,,,,,,,,,,,2201.0,,,,,,,,2666.0,-1940610.0,,-114019.0,,,,-427.0,-2057477.0,,1538.0,-949.0,-200.0,,,104.0,,,,,,,,,,,3252470.0,,-243.0,,-493801.0,,,-0.75,-0.75,,,-0.53,,,,112956.0,,2722.0,,4000.0,,,,,,,,,6781994.0,49320.0,,,,,,1515790.0,1515790.0,935556.0,
2011-06-30,2011-08-15,10-Q,"United States 12Â Month Natural Gas Fund, LP",UNL,CIK0001405513,USD,,,69828.0,35960985.0,4761743.0,32583105.0,,,,4485.0,,,,,,,,,880.0,255.0,73573.0,,,22812.0,,,1712.0,-1127760.0,,,,,,,,,,,,,,123.0,,,,128838.0,35960985.0,,35832147.0,1100000.0,,,,,,,-2013834.0,,,-1.7,-1.7,,,-1.81,,,,124760.0,799.0,3352.0,,1000.0,2341.0,,35832147.0,,,,,,,49868.0,,,,-1924977.0,12.0,,-799220.0,1115385.0,
2011-09-30,2011-11-14,10-Q,"United States 12Â Month Natural Gas Fund, LP",UNL,CIK0001405513,USD,,,63384.0,30913811.0,7350016.0,28818091.0,,,,4260.0,,,,,,,,,525.0,123.0,113169.0,,,19789.0,,,1073.0,-1107430.0,,,,,,,,,,,,,,810.0,,,,177420.0,30913811.0,,30736391.0,1100000.0,,,,,,,-5095756.0,,-4.63,-4.63,-4.63,,-4.63,-4.63,,,,119657.0,502.0,3313.0,,0.0,153371.0,,30736391.0,,,,,,,51887.0,,,,-5015695.0,,,-3909600.0,1100000.0,
2011-12-31,2012-03-28,10-K,"United States 12Â Month Natural Gas Fund, LP",UNL,CIK0001405513,USD,,,239340.0,21380526.0,10131179.0,19719092.0,-10594183.0,,,4260.0,0.0,,,,19331650.0,10518621.0,,,4110.0,195.0,113169.0,,,14661.0,,,7002.0,-7653100.0,0.0,-38520.0,,8.0,,-868.0,3164487.0,,-355.0,-1681.0,-425.0,,8.0,2028.0,8.0,,,170980.0,21380526.0,7565.0,21209546.0,1000000.0,,,533027.0,,-11127210.0,,-21087597.0,-13.8,,-13.81,-20.54,-13.81,,-13.8,-13.8,607582.0,,460209.0,203.0,11374.0,,5350.0,976.0,,21209546.0,10130630.0,9597603.0,300000.0,300000.0,,10130630.0,151075.0,,10131179.0,,-14049872.0,8.0,-6408260.0,-6408260.0,1039452.0,
2012-03-31,2012-05-15,10-Q,"United States 12Â Month Natural Gas Fund, LP",UNL,CIK0001405513,USD,,,43702.0,29516766.0,,25759040.0,6039948.0,,,3288.0,,,,,,,,,635.0,251.0,16307.0,849893.0,,18486.0,818550.0,,3407.0,-5765150.0,,-96862.0,,20.0,,56.0,2294705.0,,2270.0,948.0,-972.0,,-8.0,877.0,28.0,,,867320.0,29516766.0,874.0,28649446.0,1750000.0,,,14179846.0,,-8139898.0,,-6771289.0,,,-4.84,-4.84,-4.84,,-5.37,,,,74018.0,2473.0,1837.0,,3850.0,1924.0,,28649446.0,15874389.0,1663200.0,850000.0,100000.0,,15024496.0,25072.0,,12425884.0,,,,-953790.0,-953790.0,1261538.0,
2012-06-30,2012-08-14,10-Q,"United States 12Â Month Natural Gas Fund, LP",UNL,CIK0001405513,USD,,,62288.0,40923491.0,6707457.0,33777195.0,,,,4008.0,,,,,24964561.0,15520091.0,,,946.0,299.0,28921.0,2593326.0,,22321.0,,,4592.0,-5047770.0,,,,,,,,,,,,,,1521.0,,,,77924.0,40923491.0,,40845567.0,2350000.0,,,,,,,2227273.0,1.1,,1.01,1.01,1.01,,1.1,,,,94598.0,1993.0,2647.0,,3150.0,1452.0,,40845567.0,,,,,,,25071.0,,,,,,,7351410.0,2024725.0,
2012-09-30,2012-11-14,10-Q,"United States 12Â Month Natural Gas Fund, LP",UNL,CIK0001405513,USD,,,85391.0,51498526.0,7096170.0,41393586.0,,,,4008.0,,,,,27968528.0,20521228.0,,,1233.0,394.0,42354.0,,,28723.0,,,3486.0,-1749680.0,0.0,,,,,,,,,,,,,2191.0,35.0,,,115275.0,51498526.0,,51383251.0,2750000.0,,,,,,,3297673.0,1.26,1.3,,1.3,1.3,1.26,,,,,122485.0,807.0,3374.0,,2100.0,2167.0,,51383251.0,,,,,,,30234.0,,,,,0.0,,5150880.0,2612500.0,
2012-12-31,2013-03-26,10-K,"United States 12Â Month Natural Gas Fund, LP",UNL,CIK0001405513,USD,,,283719.0,43245931.0,4416055.0,39667209.0,19948117.0,,,4008.0,0.0,,,,23560690.0,20522574.0,,,4189.0,423.0,68503.0,,,28625.0,,10500.0,14360.0,-12161650.0,0.0,-44666.0,0.0,-8.0,,228.0,-5715124.0,,118.0,1358.0,-252.0,,-8.0,7257.0,0.0,,,160240.0,43245931.0,5674.0,43085691.0,2500000.0,,,26705337.0,,-6757220.0,,-8412041.0,-2.26,,,-5.43,-5.43,,,-2.26,5705.0,20000.0,578361.0,321.0,11379.0,75000.0,10500.0,2334.0,,43085691.0,33083248.0,6377911.0,1850000.0,350000.0,,33083248.0,125273.0,,,,-4462964.0,0.0,7676740.0,7676740.0,2132514.0,
2013-03-31,2013-05-15,10-Q,"United States 12Â Month Natural Gas Fund, LP",UNL,CIK0001405513,USD,,,83273.0,44412017.0,4659687.0,35710178.0,-3957031.0,,,3608.0,,,,,19847291.0,20522574.0,,,1176.0,373.0,14464.0,,,28933.0,,,3288.0,245850.0,0.0,-54039.0,,0.0,,-50.0,243632.0,,3304.0,-165.0,-400.0,,0.0,2005.0,,,,1029907.0,44412017.0,1665.0,43382110.0,2250000.0,,,-3815600.0,,-141431.0,,5076144.0,1.98,,2.05,,2.05,,1.98,,,20000.0,121121.0,3625.0,3488.0,,3500.0,2169.0,,43382110.0,3480456.0,8260181.0,200000.0,450000.0,,3480456.0,31072.0,,,,5182801.0,964125.0,4930270.0,4930270.0,2560556.0,
2013-06-30,2013-08-14,10-Q,"United States 12Â Month Natural Gas Fund, LP",UNL,CIK0001405513,USD,,,64190.0,25892354.0,3050999.0,24152941.0,,,,2608.0,,,,,6681366.0,20522574.0,,,1200.0,378.0,32787.0,,,17381.0,,,2124.0,2494010.0,0.0,,,,,,,,,,,,,1263.0,,,,83815.0,25892354.0,,25808539.0,1500000.0,,,,,,,-2953211.0,-1.66,,,,-2.07,,,,,,100767.0,2649.0,3331.0,,3850.0,1632.0,,25808539.0,,,,,,,31122.0,,,,-2870767.0,,,-5371090.0,1779121.0,
2013-09-30,2013-11-14,10-Q,"United States 12Â Month Natural Gas Fund, LP",UNL,CIK0001405513,USD,,,50299.0,27177614.0,3423727.0,25194682.0,,,,2608.0,,,,,8095835.0,20522574.0,,,1034.0,335.0,63018.0,,,17079.0,,,1398.0,-196150.0,0.0,,,,,,,,,,,,,548.0,,,,123262.0,27177614.0,,27054352.0,1600000.0,,,,,,,-416878.0,-0.27,,,,-0.3,,,,,,94831.0,1662.0,2850.0,,700.0,1097.0,,27054352.0,,,,,,,40284.0,,,,-352278.0,,,-158410.0,1545652.0,
2013-12-31,2014-03-26,10-K,"United States 12Â Month Natural Gas Fund, LP",UNL,CIK0001405513,USD,0.0,150502.0,250075.0,27655808.0,949087.0,25514584.0,-14152625.0,,,2608.0,,,949087.0,,6941097.0,19522574.0,,,4719.0,672.0,100580.0,,,18345.0,,9450.0,8360.0,2395300.0,0.0,32077.0,0.0,0.0,,249.0,-3466968.0,,354.0,-1124.0,-1400.0,,0.0,4481.0,0.0,,,172825.0,27655808.0,5001.0,27482983.0,1500000.0,,,-19692310.0,,5539685.0,,6473149.0,2.19,,,,2.5,,,,7620.0,20000.0,526397.0,675.0,12621.0,125000.0,9450.0,1210.0,0.0,27482983.0,5962931.0,25655241.0,300000.0,600000.0,,5962931.0,150502.0,835.0,,,6861404.0,,1996630.0,1996630.0,1866712.0,
2014-03-31,2014-05-15,10-Q,"United States 12Â Month Natural Gas Fund, LP",UNL,CIK0001405513,USD,,,44676.0,20673762.0,308837.0,18724778.0,-6789806.0,,,2608.0,,,,,6522456.0,12511159.0,,,550.0,288.0,38045.0,,,13424.0,,3150.0,2070.0,1641740.0,0.0,-62535.0,0.0,,,-384.0,-640250.0,,2279.0,-194.0,0.0,,,713.0,,,,64028.0,20673762.0,894.0,20609734.0,1050000.0,,,-8969857.0,,2180051.0,,2096608.0,1.69,,,,1.31,,,,1780.0,20000.0,96400.0,2954.0,2674.0,,3150.0,1016.0,,20609734.0,,8969857.0,,450000.0,,0.0,46980.0,,,,2154963.0,,508810.0,508810.0,1238333.0,
2014-06-30,2014-08-14,10-Q,"United States 12Â Month Natural Gas Fund, LP",UNL,CIK0001405513,USD,,94482.0,35536.0,17715344.0,238536.0,16566051.0,,,,1348.0,,,238536.0,,7293896.0,9510691.0,,,798.0,272.0,78745.0,,,11162.0,,1050.0,-189.0,826770.0,0.0,,,,,,,,,,,,,414.0,,,,107650.0,17715344.0,710.0,17607694.0,900000.0,,,,,,,15362.0,0.02,,,,-0.07,,,,1531.0,,85090.0,2160.0,2241.0,,1050.0,658.0,,17607694.0,,,,,,,47502.0,,,,59752.0,,,-769280.0,942308.0,
2014-09-30,2014-11-14,10-Q,"United States 12Â Month Natural Gas Fund, LP",UNL,CIK0001405513,USD,,72360.0,30490.0,16322729.0,2242005.0,14545112.0,,,,1348.0,,,2242005.0,,7276425.0,9510692.0,,,726.0,247.0,55488.0,,,9809.0,,0.0,641.0,17110.0,0.0,,,,,,,,,,,,,489.0,,,,84458.0,16322729.0,610.0,16238271.0,900000.0,,,,,,,-1369423.0,-1.52,,,,-1.52,,,,1340.0,,75491.0,1354.0,1950.0,,0.0,941.0,,16238271.0,,,,,,,42410.0,583.0,,,-1333315.0,,,-1351640.0,900000.0,
2014-12-31,2015-03-26,10-K,"United States 12Â Month Natural Gas Fund, LP",UNL,CIK0001405513,USD,733461.0,80049.0,143944.0,16520165.0,5525172.0,15113447.0,-10401137.0,,,1581.0,,,5525172.0,,11127927.0,9510692.0,537.0,,2798.0,247.0,66266.0,,,11069.0,,5600.0,3918.0,2205950.0,0.0,-34314.0,350.0,0.0,,-425.0,4576085.0,,,,0.0,,0.0,2288.0,,0.0001,,93697.0,16520165.0,2879.0,16426468.0,1200000.0,,,-7817995.0,,-2583142.0,,-8686509.0,-3.85,,,,-8.98,,,,6009.0,20000.0,358185.0,,,86000.0,,,350.0,16426468.0,4902725.0,11987259.0,900000.0,750000.0,,4169264.0,150833.0,1112.0,,,-8468008.0,,-6009940.0,-6009940.0,1031781.0,
2015-03-31,2015-05-13,10-Q,"United States 12Â Month Natural Gas Fund, LP",UNL,CIK0001405513,USD,0.0,50053.0,32443.0,17067344.0,5231739.0,15760134.0,646687.0,,,1581.0,,,5231739.0,0.0001,11481181.0,9510692.0,,,716.0,247.0,17835.0,,,11124.0,,2100.0,1595.0,-2280826.0,0.0,-48431.0,-350.0,,,0.0,-293433.0,,,,,,,635.0,,,,63741.0,17067344.0,649.0,17003603.0,1350000.0,,,2652096.0,,-2005409.0,,-1341500.0,-1.02,,,,-1.09,,,,1032.0,20000.0,56985.0,,,,,,0.0,17003603.0,3908698.0,1990063.0,300000.0,150000.0,,4642159.0,21266.0,2254.0,,,-1302350.0,,975025.0,975025.0,1317778.0,
2015-06-30,2015-08-12,10-Q,"United States 12Â Month Natural Gas Fund, LP",UNL,CIK0001405513,USD,0.0,43471.0,33596.0,15437579.0,2895276.0,13659878.0,,,,1581.0,,,2895276.0,,7044463.0,9510691.0,,,724.0,239.0,41763.0,,,9407.0,,2450.0,2149.0,-2118314.0,0.0,,,,,,,,,,,,,587.0,,,,55467.0,15437579.0,672.0,15382112.0,1200000.0,,,,,,,628660.0,0.45,,,,0.22,,,,746.0,,64099.0,,,,,,0.0,15382112.0,,,,,,,26936.0,1904.0,,,668831.0,,,2783384.0,1408242.0,
2015-09-30,2015-11-13,10-Q,"United States 12Â Month Natural Gas Fund, LP",UNL,CIK0001405513,USD,0.0,61403.0,28510.0,13610722.0,2957554.0,12927095.0,,,,1581.0,,,2957554.0,,6373957.0,9510692.0,,,740.0,246.0,64848.0,,,8959.0,,1050.0,1078.0,-696645.0,0.0,,,,,,,,,,,,,826.0,,,,72853.0,13610722.0,570.0,13537869.0,1200000.0,,,,,,,-1907314.0,-1.56,,,,-1.54,,,,715.0,,57295.0,,,,,,0.0,13537869.0,,,,,,,26422.0,1535.0,,,-1873104.0,,,-1179075.0,1224457.0,
2015-12-31,2016-03-24,10-K,"United States 12Â Month Natural Gas Fund, LP",UNL,CIK0001405513,USD,0.0,74941.0,118848.0,13210600.0,4322372.0,11219734.0,-3893713.0,,,1801.0,,,4322372.0,,11042106.0,4500000.0,,520.0,2766.0,151.0,89122.0,,0.0,7927.0,,6650.0,6117.0,-6916714.0,0.0,22856.0,-350.0,0.0,,-96.0,-1202800.0,,,,0.0,,,3669.0,,,,85497.0,13210600.0,2377.0,13125103.0,1350000.0,,0.0,1980509.0,,-5874222.0,,-6476672.0,-3.48,,,,-5.53,,,,3140.0,20000.0,285261.0,,,,,,0.0,13125103.0,11129688.0,9882640.0,900000.0,750000.0,,11863149.0,101338.0,1197.0,,,-6304807.0,,2497914.0,2497914.0,1305753.0,
2016-03-31,2016-05-11,10-Q,"United States 12Â Month Natural Gas Fund, LP",UNL,CIK0001405513,USD,,63846.0,22545.0,11875791.0,3071984.0,10885881.0,-333853.0,,,1801.0,,,,,11457865.0,2500000.0,,484.0,2592.0,751.0,23616.0,,,7621.0,,700.0,958.0,-1660068.0,0.0,-65506.0,350.0,,,600.0,-1250388.0,,,,0.0,,,5851.0,,,,73900.0,11875791.0,451.0,11801891.0,1350000.0,,,41138.0,,-374991.0,,-1364350.0,-1.0,,,,-0.98,,,,530.0,20000.0,50619.0,,,,,,350.0,11801891.0,463315.0,422177.0,50000.0,50000.0,,463315.0,26135.0,1607.0,,,-1337347.0,,313578.0,313578.0,1360440.0,
2016-06-30,2016-08-12,10-Q,"United States 12Â Month Natural Gas Fund, LP",UNL,CIK0001405513,USD,,59525.0,24275.0,14966415.0,1674775.0,11785702.0,,,,1801.0,,,1674775.0,,10960477.0,2500000.0,,,1587.0,542.0,47731.0,,,9000.0,,350.0,872.0,-916739.0,0.0,,,,,,,,,,,,,9076.0,,,,70992.0,14966415.0,485.0,14895423.0,1400000.0,,,,,,,2630523.0,1.91,,,,1.9,,,,1528.0,,53295.0,,,,,,350.0,14895423.0,,,,,,,26135.0,284.0,,,2659703.0,,,3565429.0,1374725.0,
2016-09-30,2016-11-10,10-Q,"United States 12Â Month Natural Gas Fund, LP",UNL,CIK0001405513,USD,,78148.0,27045.0,14279617.0,263127.0,12934330.0,,,,1801.0,,,,,8197457.0,5000000.0,,,2506.0,1143.0,76717.0,,,9163.0,,0.0,771.0,-231598.0,0.0,,,,,,,,,,,,,9059.0,,,,89834.0,14279617.0,541.0,14189783.0,1400000.0,,,,,,,-705640.0,-0.5,,,,-0.5,,,,411.0,,61441.0,,,,,,350.0,14189783.0,,,,,,,32673.0,71.0,,,-673185.0,,,-453152.0,1400000.0,
2016-12-31,2017-03-24,10-K,"United States 12Â Month Natural Gas Fund, LP",UNL,CIK0001405513,USD,,102301.0,102306.0,18660756.0,699804.0,15061018.0,218716.0,15760822.0,,1801.0,,,699804.0,,10760822.0,5000000.0,,454.0,10786.0,1488.0,102092.0,,2099689.0,10437.0,,1750.0,3451.0,-2271270.0,0.0,12970.0,350.0,0.0,,1337.0,-3622568.0,,0.0,,2099689.0,,,32944.0,0.0,,,2215078.0,18660756.0,2046.0,16445678.0,1400000.0,102306.0,106.0,451151.0,,-232435.0,,5178315.0,2.07,,,,3.6399999999999997,,,,2888.0,20000.0,284361.0,,,,,,350.0,16445678.0,1418858.0,967707.0,150000.0,100000.0,,1418858.0,114167.0,0.0,,1750.0,5335209.0,,5217980.0,5217980.0,1387568.0,
2017-03-31,2017-05-12,10-Q,"United States 12Â Month Natural Gas Fund, LP",UNL,CIK0001405513,USD,,84751.0,25388.0,11926812.0,799753.0,10396473.0,-4564596.0,,,1181.0,,,799753.0,,7196226.0,4000000.0,,,5695.0,1753.0,117145.0,,122065.0,7579.0,,1050.0,434.0,288081.0,0.0,15053.0,0.0,0.0,,265.0,99949.0,,,,-1977624.0,,,10633.0,,,,216082.0,11926812.0,508.0,11710730.0,1100000.0,,0.0,-2824369.0,,-1740227.0,,-1910579.0,-1.48,,,,-1.1,,,,438.0,20000.0,45520.0,,,,,,350.0,11710730.0,543667.0,3368036.0,50000.0,350000.0,,543667.0,18752.0,905.0,,,-1880112.0,,-2185571.0,-2185571.0,1292222.0,
2017-06-30,2017-08-11,10-Q,"United States 12Â Month Natural Gas Fund, LP",UNL,CIK0001405513,USD,,23921.0,19500.0,9554268.0,1192186.0,8647690.0,,,,1181.0,,,1192186.0,,6239876.0,3600000.0,,,6656.0,2236.0,24960.0,,0.0,6218.0,,350.0,663.0,368482.0,0.0,,,,,,,,,,,,,11987.0,,,,31717.0,9554268.0,390.0,9522551.0,950000.0,19500.0,0.0,,,,,-559826.0,-0.57,,,,-0.63,,,,494.0,,33306.0,,,,,,0.0,9522551.0,,,,,,,12259.0,665.0,,350.0,-536427.0,,,-923902.0,987912.0,
2017-09-30,2017-11-13,10-Q,"United States 12Â Month Natural Gas Fund, LP",UNL,CIK0001405513,USD,,56120.0,17818.0,9574885.0,1411924.0,8390491.0,,,,1181.0,,,1411924.0,,6402415.0,3400000.0,,,7678.0,2446.0,44548.0,,0.0,6242.0,,0.0,507.0,-50843.0,0.0,,,,,,,,,,,,,14821.0,426.0,,,63907.0,9574885.0,356.0,9510978.0,950000.0,17818.0,0.0,,,,,-11573.0,-0.01,,,,-0.01,,,,500.0,,40970.0,,,,,,0.0,9510978.0,,,,,,,21789.0,366.0,,0.0,9809.0,,,38153.0,950000.0,
2017-12-31,2018-03-21,10-K,"United States 12Â Month Natural Gas Fund, LP",UNL,CIK0001405513,USD,,72695.0,78805.0,8414140.0,1701275.0,7217601.0,-6841946.0,8918876.0,-6841946.0,1181.0,,,1701275.0,,6418876.0,2500000.0,,,27445.0,2319.0,61713.0,,0.0,5493.0,,2450.0,2209.0,229715.0,0.0,-40379.0,-350.0,88.0,,831.0,1001471.0,,0.0,,-2099689.0,107.0,,53398.0,88.0,,,79700.0,8414140.0,1576.0,8334440.0,900000.0,78805.0,0.0,-4964755.0,,-1877191.0,,-3810988.0,-3.06,,,,-3.24,,,,1929.0,20000.0,192760.0,0.0,,,,,0.0,8334440.0,1021619.0,5986374.0,100000.0,600000.0,,1021619.0,71759.0,66.0,,2450.0,-3697106.0,,-3364926.0,-3364926.0,1027534.0,
2018-03-31,2018-05-15,10-Q,"United States 12Â Month Natural Gas Fund, LP",UNL,CIK0001405513,USD,,53651.0,14371.0,7491169.0,979150.0,6590784.0,-1348942.0,,,931.0,,,979150.0,,5469934.0,2100000.0,,,7514.0,2591.0,79475.0,,,4342.0,,1050.0,318.0,-366417.0,0.0,17762.0,350.0,276.0,,272.0,,,0.0,,0.0,,,18595.0,364.0,,,523829.0,7491169.0,287.0,6967340.0,750000.0,14371.0,157.0,-953475.0,,-395467.0,,50826.0,0.06,,,,0.03,,,,415.0,20000.0,35055.0,,,,,,350.0,6967340.0,,1417926.0,,150000.0,,0.0,19664.0,0.0,,1050.0,68119.0,,407377.0,407377.0,837222.0,
2018-06-30,2018-08-13,10-Q,"United States 12Â Month Natural Gas Fund, LP",UNL,CIK0001405513,USD,,33950.0,,6210950.0,537949.0,5623228.0,,6161177.0,,931.0,,,537949.0,,4961177.0,1200000.0,,,5381.0,1773.0,33091.0,,,4172.0,,,467.0,-57654.0,0.0,,,,,,,,,,,,,20224.0,208.0,,,39297.0,6210950.0,,6171653.0,650000.0,11705.0,,,,,,130128.0,0.19,,,,0.2,,,,338.0,,29326.0,,,,,,,6171653.0,,,,,,,16582.0,422.0,,350.0,144125.0,,,175824.0,670879.0,
2018-09-30,2018-11-13,10-Q,"United States 12Â Month Natural Gas Fund, LP",UNL,CIK0001405513,USD,,39639.0,,5241534.0,262249.0,4926136.0,,5188385.0,,931.0,,,262249.0,0.0001,4188385.0,1000000.0,,,5210.0,1553.0,45090.0,,,2961.0,,,434.0,-42291.0,0.0,,,,,,,,,,,,,23023.0,87.0,,,44013.0,5241534.0,,5197521.0,550000.0,10983.0,482.0,,,,,-34618.0,-0.06,,,,-0.04,,,,341.0,,25180.0,219.0,,,,,,5197521.0,,,,,,,13202.0,0.0,,700.0,-21437.0,,,-8079.0,623913.0,
2018-12-31,2019-03-26,10-K,"United States 12Â Month Natural Gas Fund, LP",UNL,CIK0001405513,USD,,51486.0,,5780859.0,596555.0,5167367.0,-3154954.0,5763922.0,-3154954.0,571.0,,75000.0,596555.0,,4163922.0,1600000.0,,,24807.0,2579.0,59956.0,,81581.0,3709.0,,,1334.0,-11739.0,0.0,-1757.0,0.0,201.0,,260.0,,516.0,216.0,,81581.0,-253.0,,86283.0,289.0,,,137988.0,5780859.0,,5642871.0,550000.0,48189.0,641.0,-3258712.0,,103758.0,,987950.0,0.84,,,,1.81,,,,1447.0,20000.0,146005.0,216.0,,,,,,5642871.0,584722.0,3843434.0,50000.0,400000.0,0.0,584722.0,65849.0,0.0,,2800.0,1059133.0,,522819.0,522819.0,671507.0,
2019-03-31,2019-05-14,10-Q,"United States 12Â Month Natural Gas Fund, LP",UNL,CIK0001405513,USD,,37567.0,,4764323.0,978236.0,3644470.0,-1141216.0,4622706.0,-1141216.0,571.0,,75000.0,978236.0,,4122706.0,500000.0,,,3902.0,979.0,80932.0,,0.0,3064.0,,,372.0,-8587.0,0.0,20976.0,0.0,206.0,,-1600.0,,-516.0,490.0,,-81581.0,29.0,,23636.0,495.0,,,41277.0,4764323.0,,4723046.0,450000.0,9096.0,75.0,-1032818.0,,-108398.0,,112993.0,0.25,,,,0.24,,,,328.0,20000.0,31893.0,706.0,,,,,,4723046.0,,1032818.0,,100000.0,,0.0,21915.0,,,350.0,123909.0,,104608.0,104608.0,460000.0,
2019-06-30,2019-08-13,10-Q,"United States 12Â Month Natural Gas Fund, LP",UNL,CIK0001405513,USD,,29481.0,,4131269.0,,3529670.0,,4627798.0,,571.0,,,1098128.0,,4127798.0,500000.0,,,2896.0,938.0,42114.0,,0.0,2922.0,,,264.0,-41649.0,0.0,,,,,,,,,,,,,22529.0,175.0,,,32974.0,4131269.0,,4098295.0,450000.0,8330.0,0.0,,,,,-624751.0,-1.39,,,,-1.39,,,,215.0,,31133.0,0.0,,,,,,4098295.0,,,0.0,0.0,,,22157.0,270.0,,0.0,-614755.0,,,-598531.0,450000.0,
2019-09-30,2019-11-13,10-Q,"United States 12Â Month Natural Gas Fund, LP",UNL,CIK0001405513,USD,,41392.0,,4022599.0,,3437213.0,,4506325.0,,571.0,,,1069112.0,,4006325.0,500000.0,,,2629.0,798.0,58202.0,,0.0,2908.0,,,312.0,-129946.0,0.0,,,,,,,,,,,,,19149.0,382.0,,,44965.0,4022599.0,,3977634.0,450000.0,7641.0,,,,,,-120661.0,-0.27,,,,-0.27,,,,271.0,,25256.0,0.0,,,,,,3977634.0,,,0.0,0.0,243.0,,16880.0,,,0.0,-111493.0,,,-3325.0,450000.0,
2019-12-31,2020-03-20,10-K,"United States 12Â Month Natural Gas Fund, LP",UNL,CIK0001405513,USD,,57027.0,,3434354.0,,2990732.0,,3794705.0,-1969217.0,571.0,,75000.0,803973.0,,3294705.0,500000.0,,,11525.0,658.0,74302.0,,0.0,2759.0,,,1231.0,-479014.0,0.0,14346.0,0.0,-42.0,,-1921.0,,-516.0,-216.0,,-81581.0,120.0,,81092.0,247.0,,,60460.0,3434354.0,,3373894.0,400000.0,32545.0,,-1454651.0,,-514566.0,,-996233.0,-1.8,,,,-2.24,,,,1096.0,20000.0,138432.0,0.0,,,,,,3373894.0,,1454651.0,50000.0,150000.0,120.0,0.0,77834.0,,,700.0,-948205.0,,-389575.0,-389575.0,452329.0,
2020-03-31,2020-05-14,10-Q,"United States 12Â Month Natural Gas Fund, LP",UNL,CIK0001405513,USD,,33298.0,,3087247.0,,2490391.0,,3398533.0,-396172.0,451.0,,,908142.0,,3398533.0,0.0,,,958.0,76.0,90324.0,,,2258.0,,,131.0,-361302.0,0.0,16022.0,,-138.0,,-582.0,,0.0,0.0,,0.0,271.0,,11093.0,109.0,,,36066.0,3087247.0,,3051181.0,400000.0,5794.0,,0.0,,-396172.0,,-322713.0,-0.81,,,,-0.8,,,,236.0,20000.0,22976.0,,,,,,,3051181.0,,,0.0,0.0,391.0,0.0,16699.0,,,0.0,-315759.0,,33492.0,33492.0,400000.0,
2020-06-30,2020-08-13,10-Q,"United States 12Â Month Natural Gas Fund, LP",UNL,CIK0001405513,USD,,27559.0,,4557857.0,,4043457.0,,4679600.0,,391.0,,,636143.0,,1239254.0,3440346.0,,,626.0,300.0,33705.0,,,2722.0,,,390.0,-331877.0,0.0,,,,,,,,,,,,,5781.0,0.0,,,30675.0,4557857.0,,4527182.0,600000.0,6598.0,,,,,,-88075.0,-0.2,,,,-0.08,,,,151.0,,26044.0,,,,,,,4527182.0,,,150000.0,0.0,294.0,,18773.0,,,700.0,-79714.0,,,245056.0,447253.0,
2020-09-30,2020-11-13,10-Q,"United States 12Â Month Natural Gas Fund, LP",UNL,CIK0001405513,USD,,27872.0,,6680805.0,,5998607.0,,5998607.0,,391.0,,,633095.0,,4998607.0,1000000.0,,,975.0,84.0,47742.0,,222032.0,4408.0,,,537.0,-8164.0,0.0,,,,,,,,,,,,,1176.0,96.0,,,254792.0,6680805.0,,6426013.0,750000.0,11676.0,,,,,,771001.0,1.03,,,,1.02,,,,188.0,,27598.0,,,,,,,6426013.0,,,150000.0,0.0,195.0,,14964.0,,,350.0,784562.0,,,790225.0,748370.0,
2020-12-31,2021-03-05,10-K,"United States 12Â Month Natural Gas Fund, LP",UNL,CIK0001405513,USD,,25000.0,,7382976.0,,6497522.0,,7343143.0,3548438.0,391.0,,,845621.0,,6343143.0,1000000.0,,,2604.0,9.0,60535.0,,0.0,4095.0,,,1633.0,-608115.0,0.0,-13767.0,,-73.0,,-649.0,,-983.0,0.0,,0.0,-24.0,,18621.0,174.0,,1000000.0,31516.0,7382976.0,,7351460.0,950000.0,35924.0,,4192446.0,,-644008.0,,-789973.0,-0.37,,,,-1.52,,,,2711.0,,130660.0,,,,,,,7351460.0,,,550000.0,0.0,96.0,4192446.0,62653.0,,,1400.0,-732641.0,,413714.0,413714.0,587397.0,
2021-03-31,2021-05-12,10-Q,"United States 12Â Month Natural Gas Fund, LP",UNL,CIK0001405513,USD,,21360.0,,8311509.0,,7421844.0,,8304775.0,961632.0,391.0,,,882931.0,,1304775.0,7000000.0,,,121.0,103.0,30045.0,,,5545.0,,,787.0,120097.0,0.0,-30490.0,,-7.0,,94.0,,,,,,1864.0,,628.0,167.0,,,30305.0,8311509.0,,8281204.0,1050000.0,14521.0,,830230.0,,131402.0,,99514.0,0.1,,,,0.15,,,,2874.0,,47470.0,,,,,,,8281204.0,,,250000.0,150000.0,1960.0,2038933.0,28998.0,,,1050.0,116939.0,,-4957.0,-4957.0,962222.0,
2021-06-30,2021-08-11,10-Q,"United States 12Â Month Natural Gas Fund, LP",UNL,CIK0001405513,USD,,20796.0,,10595721.0,,8784452.0,,8784452.0,,391.0,,,1738576.0,,1784452.0,7000000.0,,,496.0,146.0,69684.0,,586229.0,6416.0,,,763.0,431603.0,0.0,,,,,,,,,,,,,137.0,75.0,,,616559.0,10595721.0,,9979162.0,1000000.0,16998.0,,,,,,2178035.0,2.06,,,,2.09,,,,3270.0,,60037.0,,,,,,,9979162.0,,,100000.0,150000.0,1459.0,,38666.0,,,700.0,2198433.0,,,1765497.0,1056667.0,
2021-09-30,2021-11-05,10-Q,"United States 12Â Month Natural Gas Fund, LP",UNL,CIK0001405513,USD,,46991.0,,19164410.0,,13821620.0,,13821620.0,,391.0,,,5232232.0,,6821620.0,7000000.0,,,458.0,149.0,108012.0,,3173686.0,8840.0,,,631.0,1113175.0,0.0,,,,,,,,,,,,,424.0,220.0,,,3232657.0,19164410.0,,15931753.0,1100000.0,22183.0,,,,,,4581443.0,4.5,,,,4.5,,,,3305.0,,64948.0,,,,,,,15931753.0,,,100000.0,,952.0,,38385.0,,,350.0,4608063.0,,,3493656.0,1017391.0,
2021-12-31,2022-03-04,10-K,"United States 12Â Month Natural Gas Fund, LP",UNL,CIK0001405513,USD,,58646.0,,16385035.0,,14360397.0,,15705957.0,8362814.0,391.0,,,1345560.0,,1705957.0,14000000.0,,,1802.0,272.0,128748.0,,,10640.0,,,3199.0,2685138.0,0.0,68213.0,,-95.0,,263.0,,-42.0,,,,349.0,,1677.0,79.0,,,72449.0,16385035.0,,16312586.0,1400000.0,85770.0,,5801461.0,,2561353.0,,-539662.0,2.93,,,,1.08,,,,12755.0,,290891.0,,,,,,,16312586.0,,,750000.0,300000.0,445.0,8382719.0,128233.0,,,3500.0,-398255.0,,570473.0,570473.0,1078767.0,0.0
