end,filed,form,Name,Ticker,CIK,Currency,AccountsPayableAndOtherAccruedLiabilities,AccountsPayableAndOtherAccruedLiabilities,AccountsPayableCurrent,AccountsPayableCurrent,AccountsReceivableGrossCurrent,AccountsReceivableNet,AccountsReceivableNetCurrent,AccountsReceivableNetCurrent,AccountsReceivableRelatedPartiesCurrent,AccountsReceivableRelatedPartiesCurrent,AccruedIncomeTaxes,AccumulatedDepreciationDepletionAndAmortizationPropertyPlantAndEquipment,AccumulatedOtherComprehensiveIncomeLossNetOfTax,AccumulatedOtherComprehensiveIncomeLossNetOfTax,AdditionalPaidInCapital,AdditionalPaidInCapital,AllowanceForDoubtfulAccountsReceivable,AmortizationOfDebtDiscountPremium,AmortizationOfDebtDiscountPremium,AmortizationOfFinancingCostsAndDiscounts,Assets,Assets,AssetsCurrent,AssetsCurrent,BankOverdrafts,Cash,Cash,CashCashEquivalentsRestrictedCashAndRestrictedCashEquivalentsPeriodIncreaseDecreaseIncludingExchangeRateEffect,CashCashEquivalentsRestrictedCashAndRestrictedCashEquivalentsPeriodIncreaseDecreaseIncludingExchangeRateEffect,CashEquivalentsAtCarryingValue,CashPeriodIncreaseDecrease,CommonStockParOrStatedValuePerShare,CommonStockShareSubscribedButUnissuedSubscriptionsReceivable,CommonStockSharesAuthorized,CommonStockSharesIssued,CommonStockSharesOutstanding,CommonStockValue,CommonStockValue,ComprehensiveIncomeNetOfTax,ComprehensiveIncomeNetOfTax,ConcentrationRiskPercentage1,ConvertibleNotesPayableCurrent,ConvertibleNotesPayableCurrent,CostOfGoodsSold,CostOfRevenue,CostOfRevenue,DebtInstrumentUnamortizedDiscount,DebtInstrumentUnamortizedDiscount,DeferredTaxAssetsNet,DeferredTaxAssetsOperatingLossCarryforwards,DeferredTaxAssetsValuationAllowance,Depreciation,DepreciationDepletionAndAmortization,DepreciationDepletionAndAmortization,DerivativeGainLossOnDerivativeNet,DerivativeGainOnDerivative,DerivativeLiabilities,DerivativeLiabilitiesCurrent,DerivativeLiabilitiesCurrent,DerivativeLossOnDerivative,DueToRelatedPartiesCurrent,DueToRelatedPartiesCurrent,DueToRelatedPartiesCurrentAndNoncurrent,EarningsPerShareBasicAndDiluted,EffectiveIncomeTaxRateContinuingOperations,EffectiveIncomeTaxRateReconciliationAtFederalStatutoryIncomeTaxRate,EffectOfExchangeRateOnCash,EffectOfExchangeRateOnCash,FiniteLivedIntangibleAssetsNet,GainLossOnDispositionOfAssets,GeneralAndAdministrativeExpense,GeneralAndAdministrativeExpense,GoodwillImpairmentLoss,GoodwillImpairmentLoss,GrossProfit,GrossProfit,IncomeLossFromContinuingOperationsBeforeIncomeTaxesExtraordinaryItemsNoncontrollingInterest,IncomeLossFromContinuingOperationsBeforeIncomeTaxesExtraordinaryItemsNoncontrollingInterest,IncomeTaxExpenseBenefit,IncomeTaxExpenseBenefit,IncomeTaxesPaid,IncomeTaxReconciliationChangeInDeferredTaxAssetsValuationAllowance,IncomeTaxReconciliationIncomeTaxExpenseBenefitAtFederalStatutoryIncomeTaxRate,IncreaseDecreaseInAccountsPayable,IncreaseDecreaseInAccountsPayable,IncreaseDecreaseInAccountsReceivable,IncreaseDecreaseInAccountsReceivable,IncreaseDecreaseInAccountsReceivableRelatedParties,IncreaseDecreaseInAccountsReceivableRelatedParties,IncreaseDecreaseInAccruedLiabilities,IncreaseDecreaseInAccruedLiabilities,IncreaseDecreaseInAccruedTaxesPayable,IncreaseDecreaseInAccruedTaxesPayable,IncreaseDecreaseInDueToRelatedParties,IncreaseDecreaseInInventories,IncreaseDecreaseInOtherCurrentLiabilities,IncreaseDecreaseInPrepaidExpense,IncreaseDecreaseInPrepaidExpense,IntangibleAssetsNetExcludingGoodwill,IntangibleAssetsNetExcludingGoodwill,InterestExpense,InterestExpense,InterestExpenseDebt,InterestPaid,InventoryFinishedGoodsNetOfReserves,InventoryNet,InventoryRawMaterialsNetOfReserves,IssuanceOfStockAndWarrantsForServicesOrClaims,IssuanceOfStockAndWarrantsForServicesOrClaims,Liabilities,Liabilities,LiabilitiesAndStockholdersEquity,LiabilitiesAndStockholdersEquity,LiabilitiesCurrent,LiabilitiesCurrent,LiabilitiesNoncurrent,LineOfCredit,LineOfCredit,LineOfCreditFacilityInterestRateDuringPeriod,LineOfCreditFacilityMaximumBorrowingCapacity,LineOfCreditFacilityMaximumBorrowingCapacity,LoansPayable,LoansPayableToBank,LongTermDebt,NetCashProvidedByUsedInFinancingActivities,NetCashProvidedByUsedInFinancingActivities,NetCashProvidedByUsedInFinancingActivitiesContinuingOperations,NetCashProvidedByUsedInInvestingActivities,NetCashProvidedByUsedInInvestingActivities,NetCashProvidedByUsedInOperatingActivities,NetCashProvidedByUsedInOperatingActivities,NetCashProvidedByUsedInOperatingActivitiesContinuingOperations,NetIncomeLoss,NetIncomeLoss,NotesPayableCurrent,NotesPayableRelatedPartiesCurrentAndNoncurrent,OperatingExpenses,OperatingExpenses,OperatingIncomeLoss,OperatingIncomeLoss,OperatingLeaseExpense,OperatingLeasesRentExpenseNet,OperatingLossCarryforwards,OtherComprehensiveIncomeLossForeignCurrencyTransactionAndTranslationAdjustmentNetOfTax,OtherComprehensiveIncomeLossForeignCurrencyTransactionAndTranslationAdjustmentNetOfTax,OtherComprehensiveIncomeLossNetOfTax,OtherIncome,OtherLiabilitiesCurrent,OtherNonoperatingIncomeExpense,PaymentsToAcquireIntangibleAssets,PaymentsToAcquirePropertyPlantAndEquipment,PaymentsToAcquirePropertyPlantAndEquipment,PreferredStockParOrStatedValuePerShare,PreferredStockSharesAuthorized,PreferredStockSharesIssued,PreferredStockSharesOutstanding,PreferredStockValue,PrepaidExpenseAndOtherAssetsCurrent,PrepaidExpenseAndOtherAssetsCurrent,PrepaidExpenseCurrent,PrepaidTaxes,ProceedsFromConvertibleDebt,ProceedsFromConvertibleDebt,ProceedsFromIssuanceOfCommonStock,ProceedsFromIssuanceOfCommonStock,ProceedsFromIssuanceOfDebt,ProceedsFromIssuanceOfDebt,ProceedsFromRelatedPartyDebt,ProceedsFromRelatedPartyDebt,ProceedsFromRepaymentsOfBankOverdrafts,ProceedsFromRepaymentsOfBankOverdrafts,ProceedsFromRepaymentsOfRelatedPartyDebt,PropertyPlantAndEquipmentGross,PropertyPlantAndEquipmentNet,PropertyPlantAndEquipmentNet,RepaymentsOfDebt,RepaymentsOfDebt,RepaymentsOfRelatedPartyDebt,RetainedEarningsAccumulatedDeficit,RetainedEarningsAccumulatedDeficit,Revenues,Revenues,SellingExpense,SellingExpense,ShortTermBorrowings,ShortTermBorrowings,StockholdersEquity,StockholdersEquity,StockIssuedDuringPeriodValueIssuedForServices,StockIssuedDuringPeriodValueIssuedForServices,StockIssuedDuringPeriodValueNewIssues,StockIssuedDuringPeriodValueNewIssues,StockIssuedDuringPeriodValueOther,TemporaryEquityForeignCurrencyTranslationAdjustments,TemporaryEquityForeignCurrencyTranslationAdjustments,UnrealizedGainLossOnDerivatives,WeightedAverageNumberOfShareOutstandingBasicAndDiluted
2015-11-30,2016-01-07,10-Q,MOMENTOUS HOLDINGS CORP.,MMNT,CIK0001653876,USD,,,,1465.0,,,,128.0,,,,611.0,,1058.0,,7500.0,,,,,,7988.0,,7270.0,,,0.0,,,,,0.001,0.0,75000000.0,2500000.0,2500000.0,,2500.0,,-5485.0,,,,252.0,,,,,0.0,8051.0,8051.0,,,,,,,,,,,19147.0,,0.0,,,,,,,,5278.0,,,,106.0,,-5172.0,,0.0,,,,,,,,,,,,,,,,,,,,,,,,,,,,,,,20612.0,,7988.0,,20612.0,,,,,,,,,,,,,,,,,,,-5172.0,,,,5278.0,,,,,23682.0,,-313.0,,,,,,,,0.001,10000000.0,0.0,0.0,0.0,,,,,,,,,,,,,,,,1330.0,,719.0,,,,,-23682.0,,106.0,,,,,,-12624.0,,,,,,,,,2500000.0
2016-02-29,2016-03-29,10-Q,MOMENTOUS HOLDINGS CORP.,MMNT,CIK0001653876,USD,,,,0.0,,,,78.0,,,,641.0,,152.0,,57615.0,,,,,,51184.0,,50598.0,,,49988.0,,,,,0.001,0.0,75000000.0,3785000.0,3785000.0,,3785.0,,-3689.0,,,,103.0,,,,,0.0,9531.0,9531.0,,,,,,,,,,,17664.0,,0.0,,,,,,,,4792.0,,,,195.0,,-4597.0,,0.0,,,,,,,,,,,,,,,,,,,,,,,,,,,,,,,17664.0,,51184.0,,17664.0,,,,,,,,,,,,,,,,,,,-4597.0,,,,4792.0,,,,,28032.0,,908.0,,,,,,,,0.001,10000000.0,0.0,0.0,0.0,,,531.0,,,,,,,,,,,,,1227.0,,586.0,,,,,-28032.0,,195.0,,,,,,33520.0,,,,,,,,,2502310.0
2016-05-31,2016-07-15,10-K,MOMENTOUS HOLDINGS CORP.,MMNT,CIK0001653876,USD,,,,5401.0,,,,67.0,,,,758.0,,2536.0,,57615.0,,,,,,38319.0,,37782.0,,,37154.0,,,,37154.0,0.001,0.0,75000000.0,3785000.0,3785000.0,,3785.0,,-22368.0,1.0,,,,,,,,0.0,14394.0,14394.0,331.0,,,,,,,,,,11318.0,,-0.01,,0.34,,1689.0,,,,24739.0,,,,,,-24045.0,,0.0,,-8175.0,8175.0,,408.0,,67.0,,,,,,,-2002.0,,,,561.0,,,,,,,,,,,,,16719.0,,38319.0,,16719.0,,,,,,,,,,,,59398.0,,,,,-23933.0,,-24045.0,,,,24739.0,,,,,42336.0,,1677.0,1677.0,,,,,,,0.001,10000000.0,0.0,0.0,0.0,,,561.0,,,,,61400.0,,,,,,,,1295.0,,537.0,,,,,-42336.0,,694.0,,,,,,21600.0,,,,51400.0,,,1677.0,,2506758.0
2016-08-31,2016-10-03,10-Q,MOMENTOUS HOLDINGS CORP.,MMNT,CIK0001653876,USD,,,,4828.0,,,,45.0,,,,750.0,,560.0,,57615.0,,,,,,23939.0,,23531.0,,,23486.0,,,,-13668.0,0.001,,75000000.0,3785000.0,3785000.0,,3785.0,,-11190.0,1.0,,,,,,,,0.0,18009.0,18009.0,75.0,,,,,,,,,,10117.0,,0.0,,0.34,,-1922.0,,,,10697.0,,,,,,-10630.0,,0.0,,-3614.0,3614.0,,-573.0,,-22.0,,,,,,,,,,,-561.0,,,,,,,,,,,,,14945.0,,23939.0,,14945.0,,,,,,,,,,,-1201.0,-1201.0,,,,-10545.0,-10545.0,,-10630.0,,,,10697.0,,,,,53000.0,,-560.0,,,,,,,,0.001,10000000.0,0.0,0.0,0.0,,,0.0,,,,,,,,,,,,-1201.0,1158.0,,408.0,,,,,-52966.0,,67.0,,,,,,8994.0,,,,,,,,,3785000.0
2016-11-30,2016-12-15,10-Q,MOMENTOUS HOLDINGS CORP.,MMNT,CIK0001653876,USD,,,,8991.0,,,,33.0,,,,785.0,,-286.0,,57615.0,,,,,,10888.0,,10568.0,,,10535.0,,,,,0.001,,75000000.0,3785000.0,3785000.0,,3785.0,,-15063.0,,,,,,,,,0.0,23417.0,23417.0,,,,,,,,,,,9657.0,,0.0,,,,,,,,15908.0,,,,,,-15908.0,,0.0,,,,,,,,,,,,,,,,,,,,,,,,,,,,,,,18648.0,,10888.0,,18648.0,,,,,,,,,,,,,,,,,,,-15908.0,,,,15908.0,,,,,69000.0,,845.0,,,,,,,,0.001,10000000.0,0.0,0.0,0.0,,,0.0,,,,,,,,,,,,,1105.0,,320.0,,,,,-68874.0,,0.0,,,,,,-7760.0,,,,,,,,,3785000.0
2017-02-28,2017-03-20,10-Q,MOMENTOUS HOLDINGS CORP.,MMNT,CIK0001653876,USD,,,,8954.0,,,,42.0,,,,848.0,,-666.0,,57615.0,,,,,,7634.0,,7383.0,,,7341.0,,,,,0.001,,75000000.0,3785000.0,3785000.0,,3785.0,,-2861.0,,,,,,,,,0.0,24365.0,24365.0,,,,,,,,,,,9609.0,,0.0,,,,,,,,3269.0,,,,,,-3242.0,,0.0,,,,,,,,,,,,,,,,,,,,,,,,,,,,,,,18563.0,,7634.0,,18563.0,,,,,,,,,,,,,,,,,,,-3242.0,,,,3269.0,,,,,72000.0,,381.0,,,,,,,,0.001,10000000.0,0.0,0.0,0.0,,,0.0,,,,,,,,,,,,,1099.0,,251.0,,,,,-71663.0,,27.0,,,,,,-10929.0,,,,,,,,,3785000.0
2017-05-31,2017-07-26,10-K,MOMENTOUS HOLDINGS CORP.,MMNT,CIK0001653876,USD,,,,9757.0,,,,40.0,,,,948.0,,-211.0,,57615.0,,,,,,4195.0,,4007.0,,,6371.0,,,,-33187.0,0.001,,75000000.0,3785000.0,3785000.0,,3785.0,,-37092.0,1.0,,,,,,,,0.0,26072.0,26072.0,283.0,,,,,,,,,,9930.0,,-0.01,,0.34,,-2681.0,,,,34521.0,,,,,,-34345.0,,0.0,,-11677.0,11677.0,,4356.0,,-27.0,,,,,,,-1388.0,,,,-560.0,,,,,,,,,,,,,19687.0,,4195.0,,19687.0,,,,,,,,,,,-1388.0,-1388.0,,,,-29118.0,-29118.0,,-34345.0,,,,34521.0,,,,,76700.0,,-2747.0,,,,,,,,0.001,10000000.0,0.0,0.0,0.0,,,0.0,,,,,0.0,,,,,,,-1388.0,1136.0,,188.0,,,,,-76681.0,,176.0,,,,,,-9917.0,,,,,,,-2747.0,,3785000.0
2017-08-31,2017-10-02,10-Q,MOMENTOUS HOLDINGS CORP.,MMNT,CIK0001653876,USD,,,,16729.0,,,,19.0,,,,1027.0,,-324.0,,57615.0,,,,,,3664.0,,3547.0,,,3528.0,,,,-439.0,0.001,,75000000.0,3785000.0,3785000.0,,3785.0,,-7572.0,1.0,,,,,,,,0.0,26608.0,26608.0,72.0,,,,,,,,,,9999.0,,0.0,,0.34,,-114.0,,,,7522.0,,,,,,-7459.0,,0.0,,-2536.0,2536.0,,6972.0,,-21.0,,,,,,,,,,,0.0,,,,,,,,,,,,,26728.0,,3664.0,,26728.0,,,,,,,,,,,69.0,,,,,-394.0,,,-7459.0,,,,7522.0,,,,,84100.0,,-113.0,,,,,,,,0.001,10000000.0,0.0,0.0,0.0,,,,,,,,0.0,,,,,,,69.0,1144.0,,117.0,,,,,-84140.0,,63.0,,,,,,-23064.0,,,,,,,,,3785000.0
2017-11-30,2018-01-17,10-Q,MOMENTOUS HOLDINGS CORP.,MMNT,CIK0001653876,USD,,,,16376.0,,,,35.0,,,,1141.0,,-1051.0,,57615.0,,,,,,1983.0,,1935.0,,,1900.0,,,,,0.001,,75000000.0,3785000.0,3785000.0,,3785.0,,-1718.0,,,,,,,,,,,,,,,,,,,,,,10389.0,,0.0,,,,,,,,1028.0,,,,,,-991.0,,0.0,,,,,,,,,,,,,,,,,,,,,,,,,,,,,,,26765.0,,1983.0,,26765.0,,,,,,,,,,,,,,,,,,,-991.0,,,,1028.0,,,,,,,-727.0,,,,,,,,0.001,10000000.0,0.0,0.0,0.0,,,,,,,,,,,,,,,,1189.0,,48.0,,,,,-85131.0,,37.0,,,,,,-20585.0,,,,,,,,,27995000.0
2018-02-28,2018-04-13,10-Q,MOMENTOUS HOLDINGS CORP.,MMNT,CIK0001653876,USD,,,,9936.0,,,,40.0,,,,1230.0,,-2282.0,,66515.0,,,,,,1359.0,,1359.0,,,77.0,,,,,0.001,,75000000.0,3885000.0,3885000.0,,3885.0,,-992.0,,,,,,0.0,,,,,,,,,,,,,,,,10662.0,,0.0,,,,,,,,959.0,,,,0.0,,-959.0,,0.0,,,,,,,,,,,,,,,,,,,,,,,,,,,,,,,20598.0,,1359.0,,20598.0,,,,,,,,,,,,,,,,,,,-959.0,,,,959.0,,,,,,,-33.0,,,,,,,,0.001,10000000.0,0.0,0.0,0.0,,,,,,,,,,,,,,,,1230.0,,0.0,,,,,-87357.0,,0.0,,,,,,-21577.0,,,,,,,,,15750000.0
2018-05-31,2018-08-09,10-K,MOMENTOUS HOLDINGS CORP.,MMNT,CIK0001653876,USD,,30732.0,,16234.0,11867.0,25871.0,,11867.0,,14004.0,26608.0,1057.0,,363.0,,0.0,0.0,,,,,35695.0,,32019.0,0.0,,198.0,,-1568.0,0.0,-3537.0,1.29,,100.0,100.0,100.0,,129.0,,-23186.0,1.0,,,,,124794.0,,,0.0,30916.0,30916.0,694.0,,694.0,,,,,,,,0.0,,213.96,0.21,0.21,,79.0,50790.0,,,90933.0,,0.0,,47938.0,,-21396.0,,0.0,,0.0,0.0,,16234.0,,9509.0,,5433.0,,-3268.0,,2848.0,,,,,-1599.0,,0.0,,189.0,,,0.0,0.0,0.0,,,,66928.0,,35695.0,,66928.0,,,,,,,,,,,19962.0,,,-3378.0,,-18231.0,,,-21396.0,0.0,,,95970.0,,-48032.0,,492.0,90930.0,,80.0,,26825.0,0.0,,,,3378.0,0.001,10000000.0,0.0,0.0,0.0,,1345.0,,1559.0,,,,0.0,,19962.0,,0.0,,0.0,345.0,4733.0,,3676.0,,0.0,0.0,,-31725.0,,172732.0,,5037.0,,19962.0,,,,,,9000.0,,,80.0,,100.0
2018-08-31,2018-10-15,10-Q,MOMENTOUS HOLDINGS CORP.,MMNT,CIK0001653876,USD,,,,9952.0,,,,3.0,,,,,,-1381.0,,81365.0,,,,,,7433.0,,7433.0,,,4408.0,,,0.0,7000.0,0.001,,75000000.0,4035000.0,4035000.0,,4035.0,,-5607.0,1.0,,,,,,,,,,,0.0,,,,,,,,,,10059.0,,0.0,,,,59.0,,,,5668.0,,,,,,-5666.0,,,,,,,-2176.0,,1.0,,,,,,,,,,,,,,,,,,,,,,,,20011.0,,7433.0,,20011.0,,,,,,,,,,,14784.0,,,,,-7843.0,,,-5666.0,,,,5668.0,,,,,,,59.0,,,,,,,,0.001,10000000.0,0.0,0.0,,,,,,,,,15000.0,,,,,,,-216.0,,,,,,,,-96597.0,,2.0,,,,,,-65919.0,,,,,,,,,4002740.0
2018-11-30,2019-02-19,10-Q,MOMENTOUS HOLDINGS CORP.,MMNT,CIK0001653876,USD,,,,15139.0,,,,2.0,,,,,,-983.0,,57155.0,,,,,,204.0,,204.0,,,202.0,,,0.0,,0.001,,75000000.0,28245000.0,28245000.0,,28245.0,,-14456.0,,,,,,42162.0,,,,,,,,,,,,,,,,9873.0,,0.0,,,,,,,,27280.0,,,,8074.0,,-16299.0,,0.0,,,,,,,,,,,,,,,,,,,,,,153.0,,,,,,,,,25012.0,,204.0,,25012.0,,,,,,,,,,,,,,,,,,-16299.0,-16299.0,,,,28234.0,,-20160.0,1448.0,,,,1843.0,,4014.0,,,,,,0.001,10000000.0,0.0,0.0,,,,,,,,,,,,,,,,,,,,,,,,-109225.0,,50236.0,,954.0,,,-80375.0,-80375.0,,,,,,1843.0,1843.0,,15750000.0
2019-02-28,2019-07-02,10-Q,MOMENTOUS HOLDINGS CORP.,MMNT,CIK0001653876,USD,,,,79898.0,,,,21352.0,,,35383.0,2865.0,,-2152.0,,-49254.0,,,,,,105458.0,,34802.0,10311.0,5694.0,5320.0,,,,,0.001,,75000000.0,44015000.0,44015000.0,,44015.0,-37194.0,-19147.0,,,,,25750.0,23781.0,,,,,,,,,0.0,,,,,,,55200.0,,0.0,,,,,50790.0,,37698.0,32628.0,,,-112.0,13416.0,-32624.0,-19212.0,0.0,0.0,,,,,,,,,,,,,,,,,,,,,203.0,,,,0.0,7980.0,7980.0,,,,205713.0,,105458.0,,205713.0,,,,,,,,,,,,,,,,,,-32624.0,-19212.0,5674.0,,39027.0,32628.0,-39139.0,,,,,-4570.0,65.0,,,19247.0,6718.0,,,,0.001,10000000.0,0.0,0.0,,,,,150.0,,,,,,,,,,,,22731.0,,19866.0,,,,,-92864.0,25638.0,37197.0,1329.0,,,,,-125647.0,,,10000.0,10000.0,-16242.0,,-4570.0,,29638958.0
2019-05-31,2019-12-18,10-K,MOMENTOUS HOLDINGS CORP.,MMNT,CIK0001653876,USD,,59914.0,,10470.0,23901.0,19547.0,,17309.0,,2238.0,49246.0,1971.0,,4155.0,,7807.0,6592.0,,0.0,,,77895.0,,27871.0,,,4840.0,,4642.0,0.0,,0.001,,75000000.0,34115000.0,34115000.0,,34115.0,,-133412.0,,0.0,0.0,,,104777.0,,0.0,,,,1971.0,,1971.0,,,0.0,0.0,0.0,,,96615.0,,-0.01,,0.21,,2590.0,,,,170298.0,,49581.0,,28922.0,,-137880.0,,0.0,,-48050.0,48050.0,,2501.0,,-597.0,,-3997.0,,9485.0,,17531.0,,0.0,,,3378.0,,48125.0,,665.0,,,,0.0,,,0.0,,184423.0,,77895.0,,184423.0,0.0,,,,,,,2390.0,0.0,,58731.0,,,-1084.0,,-55595.0,,,-137880.0,,,,174628.0,,-145706.0,,5719.0,228810.0,,4468.0,,8491.0,,,,,1280.0,,,,,,,3484.0,,,,0.0,,60000.0,,11573.0,,1515.0,,0.0,,3870.0,,1899.0,,9132.0,5225.0,,-152605.0,,133699.0,,4330.0,,17424.0,,-106528.0,,,,60000.0,,,4468.0,0.0,24802541.0
2019-08-31,2020-01-08,10-Q,MOMENTOUS HOLDINGS CORP.,MMNT,CIK0001653876,USD,,67359.0,,32798.0,,,,20444.0,,0.0,,2271.0,,4664.0,,22767.0,,,,,,82383.0,,34389.0,,,13009.0,,8169.0,,,0.001,,750000000.0,34155000.0,34155000.0,,34155.0,,-25045.0,,,,,,32314.0,,,,,,,,429.0,,,,,,,,93122.0,,0.0,,,,-753.0,,,,55986.0,,0.0,,28370.0,,-25554.0,,0.0,,,,,22328.0,,3135.0,,-2238.0,,4636.0,,2809.0,,,,,-2548.0,,46524.0,,1001.0,,,,,,,,,198956.0,,82383.0,,198956.0,,,,0.1222,,24250.0,,2390.0,,,2623.0,,,0.0,,6299.0,,,-25554.0,,,,57350.0,,-28980.0,3270.0,,,,509.0,,4427.0,,,,,0.0,,,,,,,936.0,,,,,,15000.0,,0.0,,,,0.0,,,,1470.0,,11747.0,630.0,,-178159.0,,60684.0,,1364.0,,5677.0,,-116573.0,,,,15000.0,,,509.0,,34125435.0
2019-11-30,2020-01-23,10-Q,MOMENTOUS HOLDINGS CORP.,MMNT,CIK0001653876,USD,,83873.0,,35982.0,,,,29817.0,,0.0,,2799.0,,-4400.0,,28257.0,,,,,,127509.0,,73601.0,,,39619.0,,,,,0.001,,750000000.0,34165000.0,34165000.0,,34165.0,,-64834.0,,,,,,46104.0,,,,,,,,,,,,,,,,174525.0,,0.0,,,,,,,,62044.0,,,,2644.0,,-55770.0,,0.0,,,,,,,,,,,,,,,,,,,,49400.0,,443.0,,,,,,,,,303416.0,,127509.0,,303416.0,,,,,,,174525.0,9036.0,,,,,,,,,,-55770.0,-55770.0,,,,63266.0,,-60622.0,,,,,-9064.0,,5295.0,,,,,,,,,,,,4165.0,,,,,,,,,,,,,,,,4508.0,,,,,-233929.0,,48748.0,,1222.0,,9036.0,-175907.0,-175907.0,5500.0,5500.0,,,,-9064.0,-9044.0,,34159945.0
2020-02-29,2020-07-09,10-Q,MOMENTOUS HOLDINGS CORP.,MMNT,CIK0001653876,USD,88918.0,,49438.0,,,,12573.0,,1606.0,,,3359.0,-1138.0,,28257.0,,,,,,87204.0,,31778.0,,,7555.0,,,,,,0.001,,750000000.0,34165000.0,34165000.0,34165.0,,-160254.0,,,12459.0,,,34823.0,,82767.0,,,,,,,,15200.0,,,79800.0,,,174149.0,,174149.0,0.0,,,,,,,164846.0,,,,203.0,,-163516.0,,0.0,,,,,,,,,,,,,,,,,,,,48789.0,,174.0,,,,,,,,,423365.0,,87204.0,,423365.0,,,18601.0,,,24250.0,,,,,,,,,,,,,-163516.0,,,48789.0,165936.0,,-165733.0,,,,,3262.0,,,,,-12809.0,,,,,,,,,10044.0,,,,,,,,,,,,,,,,6637.0,,,,,-397445.0,,35026.0,,1090.0,,18601.0,,-336161.0,,,,,,,,3262.0,,34165000.0
2020-05-31,2021-02-26,10-K,MOMENTOUS HOLDINGS CORP.,MMNT,CIK0001653876,USD,,79207.0,,38652.0,15444.0,18979.0,,13799.0,,5180.0,60460.0,3692.0,,4225.0,,28257.0,1645.0,,41556.0,,,91798.0,,36800.0,,,1252.0,,-3588.0,0.0,,0.001,,75000000.0,34165000.0,34165000.0,,34165.0,,-288659.0,,,44651.0,,,145612.0,,86444.0,,,,1721.0,,1721.0,,,94640.0,,94640.0,,,162719.0,,-0.01,,0.21,,4850.0,,,,313279.0,,0.0,,30265.0,,-288729.0,,0.0,,-115536.0,115536.0,,28182.0,,-3510.0,,2942.0,,7491.0,,11802.0,,9857.0,,,3228.0,,47231.0,,46451.0,,,,9857.0,,,5500.0,,466485.0,,91798.0,,420105.0,46380.0,,236.0,,,,,,46380.0,,237576.0,,,-7660.0,,-238354.0,,,-288729.0,,,,325452.0,,-295187.0,,20633.0,550172.0,,70.0,,19549.0,,,,,7660.0,,,,,,,6712.0,,,,128000.0,,15000.0,,46380.0,,74146.0,,-17188.0,,11459.0,,7767.0,,2343.0,6419.0,,-441334.0,,175877.0,,12173.0,,236.0,,-374687.0,,5500.0,,15000.0,,,70.0,33360.0,34153795.0
