end,filed,form,Name,Ticker,CIK,Currency,AccountsPayableAndAccruedLiabilitiesCurrent,AccountsPayableAndAccruedLiabilitiesCurrentAndNoncurrent,AccountsPayableAndAccruedLiabilitiesFairValueDisclosure,AccountsPayableCurrent,AccountsReceivableNetCurrent,AccountsReceivableRelatedPartiesCurrent,AccruedInvestmentIncomeReceivable,AccumulatedDepreciationDepletionAndAmortizationPropertyPlantAndEquipment,AccumulatedOtherComprehensiveIncomeLossForeignCurrencyTranslationAdjustmentNetOfTax,AdditionalPaidInCapital,Assets,AssetsCurrent,AssetsDesignatedToClosedBlockCashAndCashEquivalents,AssetsNoncurrent,AssetsOfDisposalGroupIncludingDiscontinuedOperationCurrent,BankOverdrafts,Cash,CashAndCashEquivalentsAtCarryingValue,CashAndCashEquivalentsAtCarryingValueIncludingDiscontinuedOperations,CashAndCashEquivalentsFairValueDisclosure,CashCashEquivalentsAndShortTermInvestments,CashCashEquivalentsRestrictedCashAndRestrictedCashEquivalents,CashDivestedFromDeconsolidation,CashEquivalentsAtCarryingValue,CashPeriodIncreaseDecrease,CommonStockOtherSharesOutstanding,CommonStockParOrStatedValuePerShare,CommonStockSharesAuthorized,CommonStockSharesIssued,CommonStockSharesOutstanding,CommonStockSharesSubscriptions,CommonStockValue,CommonStockValueOutstanding,ContractRevenueCost,CostOfGoodsAndServicesSold,CostOfGoodsSold,CostOfRevenue,CurrentStateAndLocalTaxExpenseBenefit,CustomerDepositsCurrent,DeferredTaxAssetsOperatingLossCarryforwards,DeferredTaxAssetsValuationAllowance,DeferredTaxLiabilitiesCurrent,DepositLiabilitiesReclassifiedAsLoansReceivable1,Depreciation,DepreciationAndAmortization,DisposalGroupIncludingDiscontinuedOperationAssetsNoncurrent,DueFromRelatedPartiesNoncurrent,DueToRelatedPartiesCurrent,EarnestMoneyDeposits,EarningsPerShareBasicAndDiluted,EffectiveIncomeTaxRateReconciliationAtFederalStatutoryIncomeTaxRate,EffectiveIncomeTaxRateReconciliationChangeInDeferredTaxAssetsValuationAllowance,EmployeeRelatedLiabilitiesCurrent,FixturesAndEquipmentGross,GeneralAndAdministrativeExpense,GrossProfit,IncomeLossFromContinuingOperations,IncomeLossFromContinuingOperationsPerBasicAndDilutedShare,IncomeLossFromDiscontinuedOperationsNetOfTax,IncomeLossFromDiscontinuedOperationsNetOfTaxPerBasicAndDilutedShare,IncomeLossFromEquityMethodInvestmentsNetOfDividendsOrDistributions,IncomeTaxExpenseBenefit,IncomeTaxesPaidNet,IncomeTaxReceivable,IncreaseDecreaseInAccountsPayable,IncreaseDecreaseInAccountsReceivable,IncreaseDecreaseInAccruedInterestReceivableNet,IncreaseDecreaseInBookOverdrafts,IncreaseDecreaseInDeposits,IncreaseDecreaseInFuelInventories,IncreaseDecreaseInNotesPayableRelatedParties,IncreaseDecreaseInOtherOperatingAssets,IncreaseDecreaseInOutstandingChecksOperatingActivities,IncreaseDecreaseInPrepaidExpense,IncreaseDecreaseInRestrictedCashForOperatingActivities,InterestAndOtherIncome,InterestExpenseRelatedParty,InterestIncomeRelatedParty,InterestPaid,InterestPaidNet,InterestPayableCurrent,InventoryGross,InventoryNet,InventoryRawMaterials,InventoryRawMaterialsAndSupplies,Liabilities,LiabilitiesAndStockholdersEquity,LiabilitiesCurrent,LiabilitiesNoncurrent,LoansAndLeasesReceivableAllowance,LoansPayableCurrent,LongTermInvestmentsAndReceivablesNet,LossContingencyLossInPeriod,MachineryAndEquipmentGross,NetCashProvidedByUsedInDiscontinuedOperations,NetCashProvidedByUsedInFinancingActivities,NetCashProvidedByUsedInFinancingActivitiesContinuingOperations,NetCashProvidedByUsedInInvestingActivities,NetCashProvidedByUsedInOperatingActivities,NetIncomeLoss,NetIncomeLossAllocatedToLimitedPartners,NotesReceivableRelatedPartiesNoncurrent,OfficersCompensation,OperatingExpenses,OperatingIncomeLoss,OperatingLeasesFutureMinimumPaymentsDueCurrent,OperatingLeasesRentExpenseNet,OperatingLossCarryforwards,OtherGeneralExpense,OtherLiabilitiesCurrent,OtherNoncashIncomeTaxExpense,OtherPrepaidExpenseCurrent,PaymentsForProceedsFromProductiveAssets,PaymentsForRepurchaseOfEquity,PaymentsToAcquireFederalHomeLoanBankStock,PaymentsToAcquireInvestments,PaymentsToAcquireLoansReceivable,PrepaidExpenseAndOtherAssets,PrepaidExpenseCurrent,ProceedsFromRelatedPartyDebt,ProceedsFromSaleOfPropertyPlantAndEquipment,ProceedsFromStockPlans,ProfitLoss,PropertyPlantAndEquipmentNet,PublicUtilitiesInventory,PublicUtilitiesPropertyPlantAndEquipmentAccumulatedDepreciation,RepaymentOfNotesReceivableFromRelatedParties,RepaymentsOfRelatedPartyDebt,RevenueFromRelatedParties,Revenues,RevenuesNetOfInterestExpense,ShareBasedCompensationArrangementByShareBasedPaymentAwardSharesIssuedInPeriod,SharesIssued,SharesOutstanding,StockholdersEquity,StockIssuedDuringPeriodSharesNewIssues,StockIssuedDuringPeriodValueNewIssues,WeightedAverageNumberOfDilutedSharesOutstanding,WeightedAverageNumberOfSharesOutstandingBasic
2017-03-31,2017-05-25,10-Q,Chee Corp.,ECRP,CIK0001696898,USD,,,,,,,,,,,,,,,,,,,,,,,461.0,,-2435.0,,,75000000.0,,4500000.0,,0.001,,,,461.0,,,,,905.0,,,172.0,,,,,,0.0,,,,,6107.0,5339.0,,,,,,,0.0,,,,,,8800.0,,,,,-9100.0,,,,,0.0,,,,,,,,,,,,,,,,,,,-2000.0,-435.0,-768.0,,,,-6107.0,,,,-905.0,,,,,,,,-2000.0,,,,,,,-768.0,,,,,,,5800.0,,,,,,,,4500000.0,
2017-07-31,2017-09-07,10-Q,Chee Corp.,ECRP,CIK0001696898,USD,,,,,,,,,1312.0,370.0,15107.0,10778.0,,,,,,856.0,,,,,,,,,,75000000.0,4520.0,4500000.0,,0.001,,,,870.0,,706.0,,,,1305.0,,,,,,,,0.0,,,7600.0,,3251.0,7930.0,,,4679.0,,,,,599.0,,,,,,,,,,,,,,,,,,,,,,15107.0,,7600.0,8905.0,,,3730.0,,,,,,,,3973.0,3973.0,,,-3251.0,,,,,,1305.0,,,,,,,,,7478.0,,,,0.0,3730.0,2444.0,,,,,8800.0,,,,,6202.0,,,4511522.0,
2017-10-31,2017-12-06,10-Q,Chee Corp.,ECRP,CIK0001696898,USD,,,,2500.0,,,,,-608.0,2092.0,3524.0,12673.0,,16197.0,,,,3399.0,,,,,,,,,93000.0,75000000.0,4613000.0,0.0,,0.001,,,,648.0,,0.0,,,,,,,,,,,,0.0,,,7600.0,,6277.0,3652.0,,,-2625.0,,,,,,,,,,,,,,,,,,,,,,,,,,,16197.0,,10100.0,10100.0,,,,,,,,,,,-2625.0,,,,-6277.0,,,,,,,,,,,,,,,7478.0,,,,-2625.0,3524.0,1796.0,,,,,4300.0,,,,,6097.0,,,4521011.0,
2018-01-31,2018-05-16,10-K,Chee Corp.,ECRP,CIK0001696898,USD,,,,,,,,,-7631.0,22938.0,19713.0,8901.0,,28614.0,,,162.0,162.0,,,162.0,,,,-5785.0,,,75000000.0,5707.0,5707250.0,,0.001,,,,2987.0,,0.0,,,,,,1116.0,,,,,,0.0,,,7600.0,,25651.0,19913.0,-5738.0,,,,-5738.0,,0.0,,,,,,,,,,,-6451.0,-135.0,,,,0.0,,,788.0,,,,28614.0,,7600.0,7600.0,,7600.0,,,,,24145.0,,-18722.0,-11208.0,-5738.0,,,,-25651.0,-5738.0,,,,,,,,-18722.0,24145.0,,,0.0,,7951.0,,,24145.0,-5738.0,19713.0,788.0,,,,,22900.0,,24145.0,,,21014.0,,,4541723.0,
2018-04-30,2018-06-05,10-Q,Chee Corp.,ECRP,CIK0001696898,USD,,,,,,,,,-10292.0,22938.0,18672.0,7281.0,,25953.0,,,1179.0,1179.0,,,,,487.0,,1017.0,,,75000000.0,5707.0,5707250.0,,0.001,,,,487.0,,0.0,,,,,,1041.0,,,,,,0.0,,,7600.0,,9574.0,6913.0,,,-2661.0,,,,0.0,,0.0,,,,0.0,487.0,,,,2150.0,,,,,0.0,,,,,,,25953.0,,7600.0,7600.0,,,,,,,,,0.0,1017.0,-2661.0,-2661.0,,,-9574.0,,,,,,,,,,,,0.0,,,5801.0,,,,-2661.0,18672.0,301.0,,,,,7400.0,,,,,18353.0,,,5707250.0,
2018-07-31,2018-08-20,10-Q,Chee Corp.,ECRP,CIK0001696898,USD,,,,,,,,,-13156.0,22938.0,17630.0,5459.0,,23089.0,,,985.0,985.0,,,,,,,,,,75000000.0,5707.0,5707250.0,,0.001,,1529.0,,1529.0,,0.0,,,,,3300.0,,,,,,,0.0,,,7600.0,,11315.0,8541.0,,,-2864.0,,,,,,,,,,,,,,,,,,,,,,,,,,,23089.0,,7600.0,7600.0,,,,,,,,,,,-2864.0,,,,-11315.0,,,,,,,,,,,,,,,3701.0,,,,-2864.0,17630.0,773.0,,,,,9980.0,,,,,15489.0,,,5707250.0,
2018-10-31,2018-11-26,10-Q,Chee Corp.,ECRP,CIK0001696898,USD,0.0,,,,,,18380.0,,-19767.0,22938.0,16589.0,3189.0,1297.0,19778.0,,,1297.0,1297.0,,,,,,,,,,75000000.0,5707.0,5707250.0,,0.001,5707250.0,,81.0,,,0.0,,,,,,,,,,,,0.0,,,,,7530.0,919.0,,,-6611.0,,,,,,,,,,,,,,,,,,,,,,,,,692.0,,19778.0,,10900.0,10900.0,,10900.0,,,,,,,,,-6611.0,,,,-7530.0,,,,,,,,1200.0,,,,,,,1200.0,,,,-6611.0,16589.0,692.0,,,,,1000.0,,,,,8878.0,,,5707250.0,
2019-01-31,2019-05-07,10-K,Chee Corp.,ECRP,CIK0001696898,USD,0.0,,,0.0,0.0,,,,-24019.0,22938.0,20676.0,5129.0,,15547.0,,,3830.0,3830.0,,,3830.0,3830.0,,,3668.0,,,75000000.0,5707.0,5707250.0,,0.001,5707250.0,,2714.0,,,0.0,,,,,,4166.0,,,,,,0.0,,,16050.0,,40754.0,24366.0,-16388.0,,,,,0.0,0.0,,0.0,0.0,,,,,,,,7651.0,-210.0,,,,0.0,,,999.0,999.0,,,20676.0,4626.0,16050.0,16050.0,,16050.0,,,,,8450.0,0.0,0.0,-4781.0,-16388.0,,,,-40754.0,-16388.0,,,,,,,,0.0,0.0,,,8450.0,,300.0,,0.0,,-16388.0,15547.0,999.0,,,,,27080.0,,,,,4626.0,,,5707250.0,5707250.0
2019-04-30,2019-05-22,10-Q,Chee Corp.,ECRP,CIK0001696898,USD,,,600.0,600.0,,,,,-29797.0,22938.0,14506.0,992.0,,15498.0,,,331.0,331.0,331.0,,,,,,-3499.0,,,75000000.0,5707.0,5707250.0,,,5707250.0,,338.0,,,0.0,,,,,,1041.0,,,,,,0.0,,,,,8840.0,3062.0,,,-5778.0,,,0.0,0.0,,600.0,0.0,,,,338.0,,,338.0,300.0,,,,,0.0,,,661.0,,,661.0,15498.0,-1152.0,16650.0,16650.0,,16050.0,,,,,,0.0,,-3499.0,-5779.0,-5778.0,,,-8840.0,,,,,,,,,,,,,,0.0,0.0,,0.0,,-5778.0,14506.0,,,,,,3400.0,3400.0,,,,-1153.0,,,5707250.0,5707250.0
2019-07-31,2019-09-10,10-Q,Chee Corp.,ECRP,CIK0001696898,USD,1500.0,,,1500.0,,,,7365.0,-35455.0,22938.0,13464.0,776.0,,14240.0,,,115.0,115.0,,115.0,,,,,,,,75000000.0,5707.0,5707250.0,,0.001,5707250.0,0.0,0.0,,,0.0,,,,,,,,,,,,0.0,,,19550.0,,5657.0,0.0,,,-5657.0,,,,,,,,,,,,,,,,,,,,,,,,,,661.0,14240.0,-6810.0,21050.0,21050.0,3500.0,,,,20829.0,,,,,,-5658.0,,,,-5657.0,,,,,,,,,,,,,,0.0,0.0,,,,-5657.0,13464.0,661.0,,,,,0.0,,,,,-6811.0,,,5707250.0,
2019-10-31,2019-12-09,10-Q,Chee Corp.,ECRP,CIK0001696898,USD,2400.0,,,2400.0,,,,,-44819.0,22938.0,12423.0,3553.0,,15976.0,,,3109.0,3109.0,,,3109.0,,,,,,,75000000.0,5707.0,5707250.0,,0.001,5707250.0,,216.0,,,0.0,,,,,,,,,,,,0.0,,,29750.0,,12747.0,3384.0,,,3384.0,,,,,,,,,,,,,,,,,,,,,,,444.0,,,444.0,15976.0,-16174.0,32150.0,32150.0,13700.0,,,,20829.0,,,,,,-9363.0,,,,12747.0,-12747.0,300.0,,,,,,,,,,,,0.0,0.0,,,,-9636.0,12423.0,,-8406.0,,,,3600.0,,,,,-16174.0,,,5707250.0,
2020-01-31,2020-04-23,10-K,Chee Corp.,ECRP,CIK0001696898,USD,3300.0,,,3300.0,8300.0,,,,-50484.0,22938.0,11211.0,10378.0,,833.0,10272.0,,106.0,106.0,,106.0,106.0,,,,-3724.0,,0.001,75000000.0,5707250.0,5707250.0,,5707.0,5707250.0,,879.0,,,,,15300.0,15300.0,,,4166.0,4166.0,833.0,,29750.0,,-0.01,0.21,-0.21,29750.0,-8867.0,35386.0,8921.0,-35386.0,-0.01,8921.0,0.0,,0.0,0.0,,3300.0,-8300.0,,,,,,,,300.0,-974.0,,,,0.0,,,1972.0,,1972.0,,33050.0,11211.0,33050.0,33050.0,,,,,20829.0,14662.0,13700.0,10548.0,,-32086.0,-26465.0,,,,35386.0,-35386.0,,,,35386.0,,,,,,,,13700.0,,0.0,,10548.0,,-26465.0,833.0,,-9448.0,,,9800.0,9800.0,,,5707250.0,,-21839.0,,,5707250.0,5707250.0
2020-04-30,2020-06-17,10-Q,Chee Corp.,ECRP,CIK0001696898,USD,800.0,1345.0,,800.0,1345.0,,,,-57676.0,22938.0,1519.0,1519.0,,0.0,,,174.0,174.0,,,,,,174.0,68.0,,,75000000.0,5707.0,5707250.0,,0.001,,,0.0,,,,,,,,,-1167.0,,,,,,0.0,,,29750.0,,6687.0,0.0,-7192.0,0.0,-505.0,0.0,,0.0,0.0,,-2500.0,6955.0,,,,,,,1972.0,0.0,,,,,0.0,,,0.0,0.0,,,1519.0,-29031.0,30550.0,30550.0,29750.0,,,,,9760.0,,2000.0,,-9692.0,-7192.0,,,,6687.0,-6687.0,,,,6687.0,,,,,,,,,,,,2000.0,,-7192.0,0.0,,,,,,0.0,,,5707250.0,,-29031.0,,,5707250.0,5707250.0
2020-07-31,2020-08-27,10-Q,Chee Corp.,ECRP,CIK0001696898,USD,,,3.0,-3.0,0.0,4003.0,,,-62134.0,56691.0,261.0,261.0,,0.0,,,261.0,261.0,,261.0,,,,,,,,75000000.0,5707.0,5707250.0,,0.001,5707250.0,,0.0,,,,,,,,,,,,,,,0.0,,,0.0,,4458.0,0.0,,,-4458.0,,,,,,,,,,,,,,,,,,,,,,,0.0,,,,261.0,264.0,-3.0,-3.0,,,,,,,,,,,-4458.0,,,,-4458.0,,,,,,,,,,,,,,,,,,,-4458.0,0.0,,,,,,0.0,,,,,264.0,,,5707250.0,
2020-10-31,2020-12-21,10-Q,Chee Corp.,ECRP,CIK0001696898,USD,3750.0,,,,,,,,-72750.0,56691.0,52400.0,2400.0,,,,3475.0,,,,,,,,,,,0.001,75000000.0,5707250.0,5707250.0,,5707.0,,,,,,,,,,,,,,,50000.0,678.0,,,,,,,10537.0,,,,,,,,,,,,,,,,,,,,,,79.0,,,,,,,,,62752.0,52400.0,62752.0,,,,,,,,,,,,-10616.0,,,,10537.0,-10616.0,,,,,,,,,,,,,,2400.0,,,,,,,,,,,,,,,,-10352.0,,,5707250.0,
2021-01-31,2021-06-09,10-K,Chee Corp.,ECRP,CIK0001696898,USD,91645.0,,,,,,,,-532502.0,1558721.0,1126730.0,915985.0,,,,,914695.0,,,,914695.0,,,,914589.0,,0.001,75000000.0,7207250.0,7207250.0,,7207.0,,,,,,,,139000.0,139000.0,,,,,,50000.0,,,-0.08,0.21,-0.21,,,480570.0,,-481513.0,-0.08,-505.0,0.0,,,,,88345.0,,-745.0,,,,7533.0,,,-1290.0,,943.0,1688.0,745.0,,29.0,1659.0,,,,,93304.0,1126730.0,93304.0,,,,,,,10600.0,1500000.0,,-210000.0,-386011.0,-482018.0,,160745.0,342500.0,480570.0,-481513.0,,,554800.0,137070.0,,,,,,,,,,1290.0,50000.0,,,,,,,160000.0,54770.0,,,,,,,1033426.0,,1500000.0,5763534.0,
2021-04-30,2021-06-21,10-Q,Chee Corp.,ECRP,CIK0001696898,USD,74670.0,,,,,,,,-697052.0,1558721.0,1549244.0,102697.0,,,,,1587.0,,,,,,,,-913108.0,,0.001,75000000.0,7207250.0,7207250.0,,7207.0,,,,,,,,,,,,,,,50000.0,598000.0,100000.0,-0.02,,,,,184313.0,,-164550.0,-0.02,,0.0,,,,,-16976.0,,-25801.0,,,,,,,180.0,,19763.0,6038.0,25801.0,,,7698.0,,,,,680368.0,1549244.0,680368.0,,,,,,,,598000.0,,-1310000.0,-201108.0,-164550.0,,1396547.0,96000.0,184313.0,-164550.0,,,,88313.0,,,,,,,,,,1110.0,,,,,,,,1210000.0,,,,,,,,868876.0,,,7207250.0,
