end,filed,form,Name,Ticker,CIK,Currency,AccountsPayableCurrent,AccountsReceivableNetCurrent,AccruedLiabilitiesCurrent,AccumulatedDepreciationDepletionAndAmortizationPropertyPlantAndEquipment,AccumulatedOtherComprehensiveIncomeLossNetOfTax,AdditionalPaidInCapital,AdjustmentsToAdditionalPaidInCapitalOther,AdjustmentsToAdditionalPaidInCapitalShareBasedCompensationStockOptionsRequisiteServicePeriodRecognition,AdjustmentsToAdditionalPaidInCapitalSharebasedCompensationRequisiteServicePeriodRecognitionValue,AllocatedShareBasedCompensationExpense,AntidilutiveSecuritiesExcludedFromComputationOfEarningsPerShareAmount,Assets,AssetsCurrent,AssetsOfDisposalGroupIncludingDiscontinuedOperationCurrent,BusinessCombinationConsiderationTransferred1,BusinessCombinationConsiderationTransferredEquityInterestsIssuedAndIssuable,CashAndCashEquivalentsAtCarryingValue,CashAndCashEquivalentsPeriodIncreaseDecrease,CashCashEquivalentsRestrictedCashAndRestrictedCashEquivalentsPeriodIncreaseDecreaseExcludingExchangeRateEffect,CashCashEquivalentsRestrictedCashAndRestrictedCashEquivalentsPeriodIncreaseDecreaseIncludingExchangeRateEffect,ClassOfWarrantOrRightExercisePriceOfWarrantsOrRights1,ClassOfWarrantOrRightNumberOfSecuritiesCalledByWarrantsOrRights,ClassOfWarrantOrRightOutstanding,CommonStockParOrStatedValuePerShare,CommonStockShareSubscribedButUnissuedSubscriptionsReceivable,CommonStockSharesAuthorized,CommonStockSharesIssued,CommonStockSharesOutstanding,CommonStockValue,ConvertibleDebt,ConvertiblePreferredStockSharesIssuedUponConversion,CostOfRevenue,CumulativeEffectOfNewAccountingPrincipleInPeriodOfAdoption,DebtConversionConvertedInstrumentAmount1,DebtInstrumentFaceAmount,DebtInstrumentInterestRateStatedPercentage,DecreaseInRestrictedCash,DeferredTaxAssetsGross,DeferredTaxAssetsOperatingLossCarryforwards,DeferredTaxAssetsOther,DeferredTaxAssetsValuationAllowance,DepositsAssetsNoncurrent,DepreciationDepletionAndAmortization,DerivativeLiabilities,DerivativeLiabilitiesCurrent,DisposalGroupIncludingDiscontinuedOperationAccruedLiabilities,DisposalGroupIncludingDiscontinuedOperationOperatingExpense,DisposalGroupNotDiscontinuedOperationGainLossOnDisposal,DueToRelatedPartiesCurrent,DueToRelatedPartiesNoncurrent,EarningsPerShareBasic,EarningsPerShareBasicAndDiluted,EarningsPerShareDiluted,EffectiveIncomeTaxRateReconciliationAtFederalStatutoryIncomeTaxRate,EmployeeRelatedLiabilitiesCurrent,FairValueAdjustmentOfWarrants,ForeignCurrencyTransactionGainLossBeforeTax,GainLossOnDispositionOfAssets1,GainLossOnSaleOfPropertyPlantEquipment,GainsLossesOnExtinguishmentOfDebt,GeneralAndAdministrativeExpense,GrossProfit,GuaranteeObligationsMaximumExposure,IncomeLossFromContinuingOperationsBeforeIncomeTaxesExtraordinaryItemsNoncontrollingInterest,IncomeLossFromContinuingOperationsIncludingPortionAttributableToNoncontrollingInterest,IncomeLossFromContinuingOperationsPerBasicAndDilutedShare,IncomeLossFromContinuingOperationsPerBasicShare,IncomeLossFromContinuingOperationsPerDilutedShare,IncomeLossFromDiscontinuedOperationsNetOfTax,IncomeLossFromDiscontinuedOperationsNetOfTaxPerBasicShare,IncomeTaxExpenseBenefit,IncreaseDecreaseInAccountsPayable,IncreaseDecreaseInAccountsReceivable,IncreaseDecreaseInAccruedLiabilities,IncreaseDecreaseInDueToRelatedParties,IncreaseDecreaseInEmployeeRelatedLiabilities,IncreaseDecreaseInInventories,IncreaseDecreaseInPrepaidDeferredExpenseAndOtherAssets,IncreaseDecreaseInRestrictedCash,IncreaseDecreaseInRestrictedCashForOperatingActivities,InterestPaid,InventoryFinishedGoodsNetOfReserves,InventoryNet,InventoryRawMaterialsAndSuppliesNetOfReserves,InvestmentIncomeNet,Liabilities,LiabilitiesAndStockholdersEquity,LiabilitiesCurrent,LiabilitiesNoncurrent,LiabilitiesOfDisposalGroupIncludingDiscontinuedOperation,LiabilitiesOfDisposalGroupIncludingDiscontinuedOperationCurrent,NetCashProvidedByUsedInFinancingActivities,NetCashProvidedByUsedInFinancingActivitiesContinuingOperations,NetCashProvidedByUsedInInvestingActivities,NetCashProvidedByUsedInInvestingActivitiesContinuingOperations,NetCashProvidedByUsedInOperatingActivities,NetCashProvidedByUsedInOperatingActivitiesContinuingOperations,NetIncomeLoss,NetIncomeLossAvailableToCommonStockholdersBasic,NoncurrentAssets,NonoperatingIncomeExpense,OperatingExpenses,OperatingIncomeLoss,OperatingLeasesFutureMinimumPaymentsDueCurrent,OperatingLossCarryforwards,OtherNoncashIncomeExpense,OtherNonoperatingIncomeExpense,PaymentsForProceedsFromOtherDeposits,PaymentsForRepurchaseOfCommonStock,PaymentsForRoyalties,PaymentsToAcquirePropertyPlantAndEquipment,PaymentsToAcquireShortTermInvestments,PreferredStockDividendsAndOtherAdjustments,PreferredStockParOrStatedValuePerShare,PreferredStockSharesAuthorized,PreferredStockSharesIssued,PreferredStockSharesOutstanding,PrepaidExpenseAndOtherAssetsCurrent,PrepaidExpenseCurrent,ProceedsFromDivestitureOfBusinesses,ProceedsFromIncomeTaxRefunds,ProceedsFromIssuanceOfCommonStock,ProceedsFromIssuanceOfPreferredStockAndPreferenceStock,ProceedsFromIssuanceOfPrivatePlacement,ProceedsFromOtherShortTermDebt,ProceedsFromPreviousAcquisition,ProceedsFromRelatedPartyDebt,ProceedsFromSaleOfOtherAssetsInvestingActivities,ProceedsFromSaleOfOtherProductiveAssets,ProceedsFromSaleOfPropertyPlantAndEquipment,ProceedsFromStockOptionsExercised,ProfitLoss,PropertyPlantAndEquipmentGross,PropertyPlantAndEquipmentNet,RepaymentsOfConvertibleDebt,ResearchAndDevelopmentExpense,RestrictedCashAndCashEquivalentsAtCarryingValue,RetainedEarningsAccumulatedDeficit,Revenues,SellingAndMarketingExpense,ShareBasedCompensation,ShareBasedCompensationArrangementByShareBasedPaymentAwardNumberOfSharesAuthorized,ShareBasedCompensationArrangementByShareBasedPaymentAwardNumberOfSharesAvailableForGrant,ShareBasedCompensationArrangementByShareBasedPaymentAwardOptionsExercisableNumber,ShareBasedCompensationArrangementByShareBasedPaymentAwardOptionsExercisableWeightedAverageExercisePrice,ShareBasedCompensationArrangementByShareBasedPaymentAwardOptionsExercisesInPeriodTotalIntrinsicValue,ShareBasedCompensationArrangementByShareBasedPaymentAwardOptionsExpirationsInPeriod,ShareBasedCompensationArrangementByShareBasedPaymentAwardOptionsForfeituresInPeriod,ShareBasedCompensationArrangementByShareBasedPaymentAwardOptionsGrantsInPeriodGross,ShareBasedCompensationArrangementByShareBasedPaymentAwardOptionsOutstandingIntrinsicValue,ShareBasedCompensationArrangementByShareBasedPaymentAwardOptionsOutstandingNumber,ShareBasedCompensationArrangementByShareBasedPaymentAwardOptionsOutstandingWeightedAverageExercisePrice,ShareBasedCompensationArrangementByShareBasedPaymentAwardOptionsVestedAndExpectedToVestExercisableAggregateIntrinsicValue,ShareBasedCompensationArrangementByShareBasedPaymentAwardOptionsVestedAndExpectedToVestOutstandingAggregateIntrinsicValue,ShareBasedCompensationArrangementByShareBasedPaymentAwardOptionsVestedAndExpectedToVestOutstandingNumber,ShareBasedCompensationArrangementByShareBasedPaymentAwardOptionsVestedAndExpectedToVestOutstandingWeightedAverageExercisePrice,ShareBasedCompensationArrangementsByShareBasedPaymentAwardOptionsExercisesInPeriodWeightedAverageExercisePrice,ShareBasedCompensationArrangementsByShareBasedPaymentAwardOptionsExpirationsInPeriodWeightedAverageExercisePrice,ShareBasedCompensationArrangementsByShareBasedPaymentAwardOptionsForfeituresInPeriodWeightedAverageExercisePrice,ShareBasedCompensationArrangementsByShareBasedPaymentAwardOptionsGrantsInPeriodWeightedAverageExercisePrice,SharebasedCompensationArrangementBySharebasedPaymentAwardOptionsExercisableIntrinsicValue1,SharePrice,ShortTermInvestments,ShortTermNonBankLoansAndNotesPayable,StockAndWarrantsIssuedDuringPeriodValuePreferredStockAndWarrants,StockholdersEquity,StockIssuedDuringPeriodSharesNewIssues,StockIssuedDuringPeriodSharesShareBasedCompensation,StockIssuedDuringPeriodSharesStockOptionsExercised,StockIssuedDuringPeriodValueAcquisitions,StockIssuedDuringPeriodValueConversionOfConvertibleSecuritiesNetOfAdjustments,StockIssuedDuringPeriodValueNewIssues,StockIssuedDuringPeriodValueOther,StockIssuedDuringPeriodValueShareBasedCompensation,StockIssuedDuringPeriodValueStockOptionsExercised,StockRepurchaseProgramNumberOfSharesAuthorizedToBeRepurchased,TreasuryStockValueAcquiredParValueMethod,ValueAddedTaxReceivableCurrent,WarrantsAndRightsOutstanding,WeightedAverageNumberOfDilutedSharesOutstanding,WeightedAverageNumberOfShareOutstandingBasicAndDiluted,WeightedAverageNumberOfSharesOutstandingBasic,CostsAndExpensesRelatedParty,DeferredTaxAssetsNet
2009-12-31,2010-02-26,10-K,"ARTEMIS THERAPEUTICS, INC.",ATMS,CIK0001062128,USD,,,,,,,,,,,,,,,,,1283000.0,,,,,,,,,,,,,,,,,,,,,,,,,,,,,,,,,,,,,,,,,,,,,,,,,,,,,,,,,,,,,,,,,,,,,,,,,,,,,,,,,,,,,,,,,,,,,,,,,,,,,,,,,,,,,,,,,,,,,,,,,,,,,,,,,,,,,,,,,,,,,,,,,,,,,-6999000.0,,,,,,,,,,,,,,,,,,
2010-06-30,2010-07-30,10-Q,"ARTEMIS THERAPEUTICS, INC.",ATMS,CIK0001062128,USD,,,,,,,,,,,,,,,,,2310000.0,,,,,,,,,,,,,,,103000.0,,,,,,,,,,,,,,,,,,,0.0,,0.0,,,,,,,,435000.0,637000.0,,430000.0,430000.0,,0.01,0.01,-366000.0,-0.01,,,,,,,,,,,,,,,,,,,,,,,,,,,,,,,,724000.0,-87000.0,,,,,,,,,,,,,,,,,,,,,,,,,,,,,64000.0,,,,83000.0,,,740000.0,206000.0,,,,,,,,,,,,,,,,,,,,,,,,,,,,,,,,,,,,,,,,43148468.0,,41472968.0,,
2010-09-30,2010-11-15,10-Q,"ARTEMIS THERAPEUTICS, INC.",ATMS,CIK0001062128,USD,,,,,,,,,,,,,,,,,2483000.0,,,,,,,,,,,,,,,85000.0,,,,,,,,,,,,,,,,,,,0.0,,0.0,,,,,,,,302000.0,683000.0,,142000.0,142000.0,,0.0,0.0,-333000.0,-0.01,,,,,,,,,,,,,,,,,,,,,,,,,,,,-191000.0,,,,550000.0,133000.0,,,,,,,,,,,,,,,,,,,,,,,,,,,,,,,,,49000.0,,,768000.0,199000.0,,,,,,,,,,,,,,,,,,,,,,,,,,,,,,,,,,,,,,,,41476011.0,,41476011.0,,
2010-12-31,2011-03-30,10-K,"ARTEMIS THERAPEUTICS, INC.",ATMS,CIK0001062128,USD,147000.0,219000.0,653000.0,,118000.0,17068000.0,,,601000.0,,,2837000.0,2759000.0,93000.0,,,1909000.0,626000.0,,,,,,0.01,,75000000.0,41493449.0,41493449.0,415000.0,,,454000.0,,2000000.0,,,,,,,,11000.0,29000.0,,,,,,,,0.13,,0.12,,131000.0,,,,,5881000.0,1221000.0,2358000.0,,6469000.0,6369000.0,,0.17,0.16,-1482000.0,-0.04,100000.0,31000.0,-59000.0,178000.0,,44000.0,36000.0,,-500000.0,253000.0,,,229000.0,,,1291000.0,2837000.0,1108000.0,,,177000.0,1557000.0,,-24000.0,,-907000.0,,4887000.0,,,,2271000.0,87000.0,,,,,,,,13000.0,,,0.01,10000000.0,0.0,0.0,,,,,,,1055000.0,,,,,,,2000.0,,,67000.0,,160000.0,266000.0,-16055000.0,2812000.0,890000.0,601000.0,,,,,,,,,,6069519.0,0.18,,,,,,,,,,,,,,1546000.0,,,20481.0,,2000000.0,1055000.0,,,2000.0,,,,183000.0,39770077.0,,36752484.0,,
2011-03-31,2011-05-16,10-Q,"ARTEMIS THERAPEUTICS, INC.",ATMS,CIK0001062128,USD,,,,,,,,,,,,,,,,,1701000.0,-208000.0,,,,,,,,,,,,,,164000.0,,,,,,,,,,,6000.0,,,,,,,,-0.01,,,,,,,,,,372000.0,704000.0,,-175000.0,-184000.0,,-0.01,,-64000.0,0.0,9000.0,-38000.0,215000.0,138000.0,,54000.0,32000.0,,,6000.0,,,,,,,,,,,,33000.0,,-2000.0,,-239000.0,,-248000.0,,,,777000.0,-73000.0,,,,,,,,2000.0,,,,,,,,,,,,,,,,,,,,33000.0,,,,,124000.0,,,868000.0,281000.0,63000.0,,,,,,,,,,,,,,,,,,,,,,,,,,,,,,,,,,,,,,,,,41797931.0,,
2011-06-30,2011-08-15,10-Q,"ARTEMIS THERAPEUTICS, INC.",ATMS,CIK0001062128,USD,148000.0,256000.0,758000.0,,118000.0,17318000.0,,,,,,2983000.0,2914000.0,,,,1999000.0,,,,,,,0.01,,75000000.0,42312088.0,42312088.0,,,,223000.0,,,,,,,,,,11000.0,,,,,,,,,0.0,,0.0,,192000.0,,,,,,347000.0,725000.0,,130000.0,130000.0,,0.0,0.0,-2000.0,0.0,,,,,,,,,,,,,336000.0,,,1299000.0,2983000.0,1098000.0,,,,,,,,,,128000.0,,,,680000.0,45000.0,,,,,,,,,,,0.01,10000000.0,0.0,0.0,,,,,,,,,,,,,,,128000.0,,58000.0,,113000.0,277000.0,-16175000.0,948000.0,220000.0,,,,,,,,,,,,,,,,,,,,,,,,,,1684000.0,,,,,,,,,,,,,201000.0,42312088.0,,42312088.0,,
2011-09-30,2011-11-09,10-Q,"ARTEMIS THERAPEUTICS, INC.",ATMS,CIK0001062128,USD,199000.0,757000.0,786000.0,,118000.0,17297000.0,,,,,,3045000.0,2974000.0,,,,1060000.0,,,,,,,0.01,,75000000.0,41112088.0,41112088.0,411000.0,,,226000.0,,,,,,,,,,8000.0,,,,,,,,,0.0,,0.0,,132000.0,,,,,,348000.0,780000.0,,108000.0,108000.0,,0.0,0.0,,0.0,,,,,,,,,,,,,363000.0,,,1286000.0,3045000.0,1117000.0,,,,,,,,,,108000.0,,,,698000.0,82000.0,,,,,,,,,,,0.01,10000000.0,0.0,0.0,,,,,,,,,,,,,,,,,63000.0,,105000.0,255000.0,-16067000.0,1006000.0,245000.0,,,,,,,,,,,,,,,,,,,,,,,506000.0,,,1759000.0,,,,,,,,,,,,,169000.0,42154711.0,,42154711.0,,
2011-12-31,2012-03-12,10-K,"ARTEMIS THERAPEUTICS, INC.",ATMS,CIK0001062128,USD,221000.0,536000.0,551000.0,662000.0,118000.0,17761000.0,,,649000.0,,6013000.0,2979000.0,2905000.0,,,,1392000.0,-517000.0,,,,,,0.01,,75000000.0,41112088.0,41112088.0,411000.0,,,893000.0,,,,,,3045000.0,2926000.0,119000.0,3045000.0,8000.0,23000.0,,,100000.0,153000.0,,,,-0.01,,-0.01,,149000.0,,-23000.0,,,,1520000.0,2855000.0,,-327000.0,-336000.0,,-0.01,-0.01,-153000.0,0.0,9000.0,74000.0,317000.0,224000.0,,18000.0,178000.0,,,-18000.0,,38000.0,407000.0,369000.0,,1233000.0,2979000.0,1021000.0,,100000.0,100000.0,-57000.0,,-525000.0,,65000.0,,-489000.0,,66000.0,,3124000.0,-269000.0,,,,,,90000.0,,22000.0,,,0.01,10000000.0,0.0,0.0,,24000.0,,,,,,,,,,,,33000.0,,728000.0,66000.0,,444000.0,14000.0,-16544000.0,3748000.0,1160000.0,649000.0,,,1894165.0,0.2,,,2114769.0,60000.0,,3750000.0,0.2,,,,,0.13,,0.14,0.12,,,506000.0,,,1746000.0,,264750.0,264750.0,,,,,97000.0,33000.0,,90000.0,26000.0,212000.0,41803956.0,,41803956.0,,
2012-03-31,2012-05-21,10-Q,"ARTEMIS THERAPEUTICS, INC.",ATMS,CIK0001062128,USD,71000.0,36000.0,171000.0,,118000.0,17769000.0,,,,,,2052000.0,1980000.0,,,,966000.0,-426000.0,,,,,,0.01,,75000000.0,43173592.0,43173592.0,432000.0,,,112000.0,,,,,,,,,,8000.0,7000.0,,,,,,,,-0.01,-0.01,,,151000.0,,,,,,208000.0,97000.0,,-470000.0,-470000.0,,-0.01,,,,,-150000.0,-500000.0,-380000.0,,2000.0,24000.0,,,1000.0,,,431000.0,,,747000.0,2052000.0,493000.0,,,100000.0,,,-5000.0,,-421000.0,,-470000.0,,,,521000.0,-424000.0,,,,,,,,5000.0,,,0.01,10000000.0,0.0,0.0,,,,,,,,,,,,,,,,,64000.0,,134000.0,15000.0,-17014000.0,209000.0,179000.0,21000.0,,,,,,,,,,,,,,,,,,,,,,506000.0,,,1305000.0,,,,,,,,,,,,,254000.0,,,42153065.0,,
2012-06-30,2012-08-20,10-Q,"ARTEMIS THERAPEUTICS, INC.",ATMS,CIK0001062128,USD,52000.0,67000.0,39000.0,,118000.0,17792000.0,,,,,,1558000.0,1491000.0,,,,454000.0,,,,,,,0.01,,75000000.0,43173592.0,43173592.0,432000.0,,,124000.0,,,,,,,,,,7000.0,,,,200000.0,,,,,-0.01,-0.01,-0.01,,126000.0,,,,,,140000.0,66000.0,,-310000.0,-310000.0,-0.01,-0.01,-0.01,-110000.0,0.0,,,,,,,,,,,,,406000.0,,,650000.0,1558000.0,417000.0,,200000.0,200000.0,,,,,,,-420000.0,,,,390000.0,-324000.0,,,,,,,,,,,0.01,10000000.0,,,,,,,,,,,,,,,,,,,60000.0,,113000.0,14000.0,-17434000.0,190000.0,137000.0,,,,,,,,,,,,,,,,,,,,,,,506000.0,,,908000.0,,,,,,,,,,,,,233000.0,43173592.0,,43173592.0,,
2012-09-30,2012-11-14,10-Q,"ARTEMIS THERAPEUTICS, INC.",ATMS,CIK0001062128,USD,62000.0,325000.0,60000.0,,118000.0,17797000.0,,,,,,1558000.0,1498000.0,,,,759000.0,,,,,,,0.01,,75000000.0,43173592.0,43173592.0,432000.0,,,160000.0,,,,,,,,,,6000.0,,,,273000.0,,,,,0.0,0.0,0.0,,118000.0,,,,,,157000.0,356000.0,,92000.0,92000.0,0.0,0.0,0.0,-151000.0,0.0,,,,,,,,,,,,,364000.0,,,704000.0,1558000.0,513000.0,,273000.0,273000.0,,,,,,,-59000.0,,,,323000.0,33000.0,,,,,,,,,,,0.01,10000000.0,,,,,,,,,,,,,,,,,,,54000.0,,95000.0,14000.0,-17493000.0,516000.0,71000.0,,,,,,,,,,,,,,,,,,,,,,,0.0,,,854000.0,,,,,,,,,,,,,191000.0,43173592.0,,43173592.0,,
2012-12-31,2013-03-29,10-K,"ARTEMIS THERAPEUTICS, INC.",ATMS,CIK0001062128,USD,84000.0,145000.0,135000.0,687000.0,118000.0,17808000.0,8000.0,,60000.0,,5363433.0,1156000.0,1102000.0,,,,596000.0,-796000.0,,,,,,0.01,,75000000.0,43173592.0,43173592.0,432000.0,,,517000.0,,,,,,3407000.0,3308000.0,99000.0,3407000.0,6000.0,25000.0,,,,226000.0,,,,-0.03,,,0.25,93000.0,,16000.0,,,,666000.0,544000.0,15000.0,-850000.0,-850000.0,,-0.02,,-226000.0,-0.01,,-137000.0,-391000.0,-416000.0,,-56000.0,-85000.0,,,1000.0,,57000.0,322000.0,265000.0,,418000.0,1156000.0,312000.0,,,,,,500000.0,,-1296000.0,,-1076000.0,,48000.0,112000.0,1506000.0,-962000.0,65000.0,11080000.0,,14000.0,,,,7000.0,,,0.01,10000000.0,0.0,0.0,24000.0,16000.0,,,,,,,,,,,,,,735000.0,48000.0,,408000.0,15000.0,-17620000.0,1061000.0,432000.0,60000.0,,4569165.0,2375833.0,0.22,,,660000.0,,,3090000.0,0.21,,,,,,,0.14,,,,,,,738000.0,,,,,,,8000.0,,,,,8000.0,106000.0,,,42919854.0,,
2013-03-31,2013-05-15,10-Q,"ARTEMIS THERAPEUTICS, INC.",ATMS,CIK0001062128,USD,139000.0,303000.0,96000.0,,118000.0,17807000.0,,,,,,1078000.0,1031000.0,,,,339000.0,-257000.0,,,,,,0.01,,75000000.0,43173592.0,43173592.0,432000.0,,,180000.0,,,,,,,,,,4000.0,5000.0,,,,,,,,,0.0,,,89000.0,,,,,,125000.0,187000.0,,,,,,,,,,55000.0,158000.0,-39000.0,,-4000.0,-7000.0,35000.0,,,,,315000.0,,,452000.0,1078000.0,324000.0,,,,,,2000.0,,-259000.0,,-111000.0,,,,259000.0,-72000.0,,,,,,,,,,,0.01,10000000.0,0.0,0.0,,,,,,,,,,,,,,,,,43000.0,,83000.0,15000.0,-17731000.0,367000.0,51000.0,-1000.0,,,,,,,,,,,,,,,,,,,,,,,,,626000.0,,,,,,,,,,,,,128000.0,,,43173592.0,,
2013-06-30,2013-08-12,10-Q,"ARTEMIS THERAPEUTICS, INC.",ATMS,CIK0001062128,USD,86000.0,112000.0,26000.0,,118000.0,17807000.0,,,,,,881000.0,839000.0,,,,314000.0,,,,,,,0.01,,75000000.0,43173592.0,43173592.0,432000.0,,,112000.0,,,,,,,,,,5000.0,,,,,,,,,,0.0,,,86000.0,,,,,,130000.0,203000.0,,,-92000.0,0.0,,,,,,,,,,,,,,,,,319000.0,,,347000.0,881000.0,198000.0,,,,,,,,,,-92000.0,,,,274000.0,-71000.0,,,,,,,,,,,0.01,10000000.0,0.0,0.0,49000.0,,,,,,,,,,,,,,,,37000.0,,91000.0,15000.0,-17823000.0,315000.0,53000.0,,,,,,,,,,,,,,,,,,,,,,,30000.0,,,534000.0,,,,,,,,,,,,,149000.0,,,43173592.0,,
2013-09-30,2013-11-12,10-Q,"ARTEMIS THERAPEUTICS, INC.",ATMS,CIK0001062128,USD,37000.0,123000.0,20000.0,,118000.0,17807000.0,,,,,,779000.0,741000.0,,,,271000.0,,,,,,,0.01,,75000000.0,43173592.0,43173592.0,432000.0,,,83000.0,,,,,,,,,,5000.0,,,,,,,,,,0.0,,,66000.0,,,,,,131000.0,217000.0,,,38000.0,0.0,,,,0.0,,,,,,,,,,,,,275000.0,,,207000.0,779000.0,123000.0,,,,,,,,,,38000.0,,,,249000.0,-32000.0,,,,,,,,,,,0.01,10000000.0,0.0,0.0,26000.0,,,,,,,,,,,,,,,,33000.0,,70000.0,16000.0,-17785000.0,300000.0,48000.0,,,,,,,,,,,,,,,,,,,,,,,30000.0,,,572000.0,,,,,,,,,,,,,84000.0,,,43173592.0,,
2013-12-31,2014-04-14,10-K,"ARTEMIS THERAPEUTICS, INC.",ATMS,CIK0001062128,USD,145000.0,45000.0,33000.0,706000.0,118000.0,17796000.0,,,-12000.0,,5003433.0,703000.0,672000.0,,,,613000.0,-262000.0,,,,,,0.01,,75000000.0,43173592.0,43173592.0,432000.0,,,564000.0,,,,,,3562000.0,3540000.0,22000.0,3562000.0,2000.0,19000.0,,,,,,,,-0.01,,,0.25,59000.0,,-8000.0,,0.0,,567000.0,724000.0,15000.0,-298000.0,-298000.0,,-0.01,,,0.0,,61000.0,-100000.0,-102000.0,,-34000.0,-93000.0,,,6000.0,,20000.0,229000.0,209000.0,,275000.0,703000.0,237000.0,,,,,,-16000.0,,-246000.0,,-298000.0,,29000.0,53000.0,1075000.0,-351000.0,28000.0,11488000.0,,-16000.0,14000.0,,,,,,0.01,10000000.0,0.0,0.0,29000.0,12000.0,,,,,,,,,,,,,,735000.0,29000.0,,303000.0,21000.0,-17918000.0,1288000.0,205000.0,-12000.0,,,,,,,,,,,,,,,,,,,,,,14000.0,,,428000.0,,,,,,,,,,,,17000.0,38000.0,,43173592.0,43173592.0,,
2014-03-31,2014-05-15,10-Q,"ARTEMIS THERAPEUTICS, INC.",ATMS,CIK0001062128,USD,139000.0,59000.0,204000.0,,118000.0,17795000.0,,,,,,1533000.0,1506000.0,,,,1201000.0,867000.0,,,,,,0.01,,75000000.0,43173592.0,43173592.0,432000.0,,,82000.0,,,,,16000.0,,,,,2000.0,4000.0,,,,,740000.0,,,,0.02,,,28000.0,,,,,,122000.0,162000.0,,,,,,,,,,-6000.0,14000.0,171000.0,,-31000.0,-229000.0,-18000.0,200000.0,,,,,,,433000.0,1533000.0,371000.0,,,,,,-200000.0,,1067000.0,,673000.0,,,,200000.0,702000.0,,,,,,,,,16000.0,,0.01,10000000.0,0.0,0.0,11000.0,,,,,,,,,,,,,,,,25000.0,,35000.0,205000.0,-17245000.0,244000.0,43000.0,-1000.0,,,,,,,,,,,,,,,,,,,,,,30000.0,,,1100000.0,,,,,,,,,,,,,62000.0,,,43173592.0,,
2014-06-30,2014-08-14,10-Q,"ARTEMIS THERAPEUTICS, INC.",ATMS,CIK0001062128,USD,4000.0,59000.0,52000.0,,118000.0,17795000.0,,,,,,1113000.0,1108000.0,,,,748000.0,,,,,,,0.01,,75000000.0,43173592.0,43173592.0,432000.0,,,,,,,,,,,,,2000.0,,,,,,,,,,0.0,,,22000.0,,,,,,95000.0,,,,,,,,,,,,,,,,,,,,,,,,,140000.0,1113000.0,78000.0,,,,,,,,,,-127000.0,,,,107000.0,-107000.0,,,-12000.0,,,,,,,,0.01,10000000.0,0.0,0.0,66000.0,,,,,,,,,,,,,,,,3000.0,,12000.0,205000.0,-17372000.0,,,,,,,,,,,,,,,,,,,,,,,,,30000.0,,,973000.0,,,,,,,,,,,,,62000.0,,43173592.0,43173592.0,,
2014-09-30,2014-11-14,10-Q,"ARTEMIS THERAPEUTICS, INC.",ATMS,CIK0001062128,USD,1000.0,17000.0,16000.0,,118000.0,17795000.0,,,,,,1003000.0,999000.0,,,,681000.0,,,,,,,0.01,,75000000.0,43173592.0,43173592.0,432000.0,,,,,,,,,,,,,2000.0,,,,,,,,,,0.0,,,9000.0,,,,,,54000.0,,,,,,,,,,,,,,,,,,,,,,,,,88000.0,1003000.0,26000.0,,,,,,,,,,-58000.0,,,,54000.0,-54000.0,,,,,,,,,,,0.01,10000000.0,0.0,0.0,66000.0,,,,,,,,,,,,,,,,2000.0,,,205000.0,-17430000.0,,,,,,,,,,,,,,,,,,,,,,,,,30000.0,,,915000.0,,,,,,,,,,,,,62000.0,,43173592.0,43173592.0,,
2014-12-31,2015-04-15,10-K,"ARTEMIS THERAPEUTICS, INC.",ATMS,CIK0001062128,USD,5000.0,,61000.0,,118000.0,17796000.0,,,,,5003433.0,896000.0,896000.0,,,,613000.0,279000.0,,,,,,0.01,,75000000.0,43173592.0,43173592.0,432000.0,,,40000.0,,,,,,3517000.0,3562000.0,-45000.0,3517000.0,,4000.0,,,,,,,,0.01,0.01,,0.265,,,-23000.0,754000.0,-13000.0,,463000.0,204000.0,,,,,,,,,,-140000.0,-45000.0,28000.0,,-59000.0,-229000.0,,,184000.0,,,,,,106000.0,896000.0,66000.0,,,,,,-186000.0,-186000.0,465000.0,465000.0,362000.0,,,-30000.0,554000.0,404000.0,,11126000.0,-12000.0,-30000.0,14000.0,,,,,,0.01,10000000.0,0.0,0.0,48000.0,44000.0,,,,,,,,,,,12000.0,,,,,,48000.0,205000.0,-17556000.0,244000.0,43000.0,,,,,,,,,,,,,,,,,,,,,,,30000.0,,,790000.0,,,,,,,,,,,,4000.0,40000.0,,43173592.0,,,
2015-03-31,2015-05-14,10-Q,"ARTEMIS THERAPEUTICS, INC.",ATMS,CIK0001062128,USD,,,56000.0,,118000.0,17796000.0,,,,,,843000.0,843000.0,,,,769000.0,156000.0,,,,,,0.01,,75000000.0,43173592.0,43173592.0,432000.0,,,,,,,,205000.0,,,,,,,,,,,,,,,0.0,,,,,,,,,34000.0,,,,,,,,,,,-5000.0,,-6000.0,,,,-4000.0,,,,,,,,87000.0,843000.0,56000.0,,,,,,205000.0,,-49000.0,,-33000.0,,,,34000.0,-34000.0,,,,,,,,,,,0.01,10000000.0,0.0,0.0,44000.0,,,,,,,,,,,,,,,,,,,,-17590000.0,,,,,,,,,,,,,,,,,,,,,,,,,30000.0,,,756000.0,,,,,,,,,,,,,31000.0,,,43173592.0,,
2015-06-30,2015-08-06,10-Q,"ARTEMIS THERAPEUTICS, INC.",ATMS,CIK0001062128,USD,4000.0,,64000.0,,118000.0,17796000.0,,,,,,780000.0,780000.0,,,,706000.0,,,,,,,0.01,,75000000.0,43173592.0,43173592.0,432000.0,,,,,,,,,,,,,,,,,,,,,,,0.0,,,,,,,,,78000.0,,,,,,,,,,,,,,,,,,,,,,,,,95000.0,780000.0,68000.0,,,,,,,,,,-72000.0,,,,78000.0,-78000.0,,,,,,,,,,,0.01,10000000.0,0.0,0.0,44000.0,,,,,,,,,,,,,,,,,,,,-17661000.0,,,,,,,,,,,,,,,,,,,,,,,,,30000.0,,,685000.0,,,,,,,,,,,,,27000.0,,43173592.0,43173592.0,,
2015-09-30,2015-11-04,10-Q,"ARTEMIS THERAPEUTICS, INC.",ATMS,CIK0001062128,USD,,,51000.0,,118000.0,17796000.0,,,,,,725000.0,725000.0,,,,655000.0,,,,,,,0.01,,75000000.0,43173592.0,43173592.0,432000.0,,,,,,,,,,,,,,,,,,,,,,,0.0,,,,,,,,,30000.0,,,,,,,,,,,,,,,,,,,,,,,,,58000.0,725000.0,51000.0,,,,,,,,,,-18000.0,,,,30000.0,-30000.0,,,,,,,,,,,0.01,10000000.0,0.0,0.0,40000.0,,,,,,,,,,,,,,,,,,,,-17679000.0,,,,,,,,,,,,,,,,,,,,,,,,,30000.0,,,667000.0,,,,,,,,,,,,,7000.0,,43173592.0,,,
2015-12-31,2016-03-10,10-K,"ARTEMIS THERAPEUTICS, INC.",ATMS,CIK0001062128,USD,,,50000.0,,118000.0,17796000.0,,,,,2153433.0,706000.0,706000.0,,,,628000.0,15000.0,,,,,,0.01,,75000000.0,43173592.0,43173592.0,432000.0,,,,,,,,,3563000.0,3517000.0,46000.0,3563000.0,,,,,,,,,,,,,0.35,,,-7000.0,,,,164000.0,,,,,,,,,,,-5000.0,,-11000.0,,,,,,-205000.0,,,,,,55000.0,706000.0,50000.0,,,,,,,205000.0,,-190000.0,-139000.0,,,25000.0,164000.0,-164000.0,,11126000.0,,-10000.0,,,,,,,0.01,10000000.0,0.0,0.0,48000.0,48000.0,,,,,,,,,,,,,,,,,,,-17695000.0,,,,,,,,,,,,,,,,,,,,,,,,,30000.0,,,651000.0,,,,,,,,,,,,,5000.0,,43173592.0,,,
2016-03-31,2016-05-03,10-Q,"ARTEMIS THERAPEUTICS, INC.",ATMS,CIK0001062128,USD,,,50000.0,,118000.0,17796000.0,,,,,,664000.0,664000.0,,,,577000.0,-51000.0,,,,,,0.01,,75000000.0,43173592.0,43173592.0,432000.0,,,,,,,,,,,,,,,,,,,,,,,0.0,,,,,,,,,40000.0,,,,,,,,,,,,,,,,,9000.0,,,,,,,,53000.0,664000.0,50000.0,,,,,,,,-51000.0,,-40000.0,,,,40000.0,-40000.0,,,,,,,,,,,0.01,10000000.0,0.0,0.0,57000.0,,,,,,,,,,,,,,,,,,,,-17735000.0,,,,,,,,,,,,,,,,,,,,,,,,,30000.0,,,611000.0,,,,,,,,,,,,,3000.0,,,43173592.0,,
2016-06-30,2016-07-21,10-Q,"ARTEMIS THERAPEUTICS, INC.",ATMS,CIK0001062128,USD,,,50000.0,,118000.0,17796000.0,,,,,,644000.0,644000.0,,,,595000.0,,,,,,,0.01,,75000000.0,43173592.0,43173592.0,432000.0,,,,,,,,,,,,,,,,,,,,,,,0.0,,,,,,,,,23000.0,,,,,,,,,,,,,18000.0,,,,,,,,,,,,51000.0,644000.0,50000.0,,,,,,,,,,-18000.0,18000.0,,,23000.0,-23000.0,,,,,,,,,,,0.01,10000000.0,0.0,0.0,49000.0,,,,,,,,,,,,,,,,,,,,-17753000.0,,,,,,,,,,,,,,,,,,,,,,,,0.41,,,,593000.0,,,,,,,,,,,,,1000.0,,,43173592.0,,
2016-09-30,2016-11-14,10-Q,"ARTEMIS THERAPEUTICS, INC.",ATMS,CIK0001062128,USD,,,68000.0,,,-1745000.0,,,,,,1047000.0,1047000.0,,,,1001000.0,1001000.0,,,0.055,,2153433.0,0.01,127000.0,75000000.0,69589684.0,69589684.0,2887000.0,,72682.0,,,,,,,,3547000.0,,3547000.0,,,,,,,,,,,0.0,,,,,,,,,18000.0,,,,,,,,,,,,,-36000.0,,,,36000.0,,,,,,,,68000.0,1047000.0,68000.0,,,,1056000.0,1056000.0,,,-55000.0,-55000.0,-18000.0,18000.0,,,,-18000.0,,11419000.0,,,,,,,,2000.0,0.01,10000000.0,3015.0,3015.0,46000.0,,575000.0,,481000.0,,,,575000.0,,,,,,,,,,,,-36000.0,,,,,,,,,,,,,,,,,,,,,,,,,,,,979000.0,524.0,,,,,127000.0,,,,,,,,,,4841119.0,,
2016-12-31,2017-03-31,10-K,"ARTEMIS THERAPEUTICS, INC.",ATMS,CIK0001062128,USD,,,58000.0,,,1129000.0,534000.0,,,,,972000.0,972000.0,,575000.0,534000.0,907000.0,,,,,,,0.01,,51000000.0,4818178.0,4818178.0,49000.0,,3724225.0,,,,,,,,3583000.0,,3583000.0,,,,,,,,,,,-0.05,,,,,,,,,,,,,,,,,,,,,,,,,,,,,,,,,,58000.0,972000.0,58000.0,,,,,,,,,,-264000.0,-231000.0,,,,,,11529000.0,,,,,,,,33000.0,0.01,10000000.0,453.0,453.0,65000.0,,,,,481000.0,,,,,,,,,,,,,,,-264000.0,,,36000.0,,,42243.0,,,,,,9378000.0,126730.0,0.01,,31938000.0,42243.0,0.01,,,,,,,,,,914000.0,,,42243.0,,,127000.0,,,,,,,,,,4254094.0,,
2017-03-31,2017-05-15,10-Q,"ARTEMIS THERAPEUTICS, INC.",ATMS,CIK0001062128,USD,,,61000.0,,,-1694000.0,,,,,,805000.0,805000.0,,,,759000.0,-148000.0,,,,,,0.01,,51000000.0,5774549.0,5774549.0,2887000.0,,3724225.0,,,,,,,,3583000.0,,3583000.0,,,,,,,,,,,-0.03,,,,,,,,,138000.0,,,,,,,,,,,,,3000.0,,,,,,,,,,,,61000.0,805000.0,61000.0,,,,,,,,-148000.0,-148000.0,-185000.0,-163000.0,,,,-185000.0,,11715000.0,,,,,,,,22000.0,,,,,46000.0,,,,,,,,,,,,,,,,,,47000.0,,-449000.0,,,15000.0,,,42243.0,,,,,,125462000.0,126730.0,0.01,,41820000.0,42243.0,0.01,,,,,,,,,,744000.0,,,,,,,,,,,,,,,,4818178.0,,
2017-06-30,2017-08-15,10-Q,"ARTEMIS THERAPEUTICS, INC.",ATMS,CIK0001062128,USD,,,55000.0,,,1174000.0,,,,,,595000.0,595000.0,,,,555000.0,-204000.0,,,,,,0.01,,51000000.0,5116041.0,5116041.0,51000.0,,,,,,,,,,3632000.0,,3632000.0,,,,,,,,,,,0.04,,,,,,,,,142000.0,,,,,,,,,,,,,-6000.0,,,,,,,,,,,-5000.0,,595000.0,55000.0,,,,,,,,-204000.0,,-246000.0,-217000.0,,,,-241000.0,,11954000.0,,,,,,,,30000.0,0.01,10000000.0,453.0,453.0,40000.0,,,,,,,,,,,,,,,,,,99000.0,,-685000.0,,,32000.0,,,42243.0,0.01,,,,,163481000.0,126730.0,0.01,,,,,,,,,,0.01,,,,540000.0,,,,,,,,,,,,,,,,4819725.0,,
2017-09-30,2017-11-13,10-Q,"ARTEMIS THERAPEUTICS, INC.",ATMS,CIK0001062128,USD,,,51000.0,,,1185000.0,,,,,,375000.0,375000.0,,,,345000.0,-210000.0,,,,,,0.01,,51000000.0,5151243.0,5151243.0,51000.0,,,,,,,,,,3693000.0,,3693000.0,,,,,,,,,,,0.04,,,,,,,,,149000.0,,,,,,,,,,,,,-4000.0,,,,,,,,,,,,51000.0,375000.0,51000.0,,,,,,,,-210000.0,,-227000.0,200000.0,,,,-227000.0,,12177000.0,,,,,,,,27000.0,0.01,10000000.0,453.0,453.0,30000.0,,,,,,,,,,,,,,,,,,78000.0,,-912000.0,,,11000.0,,,49285.0,,,,,,,126730.0,0.01,,113494000.0,49285.0,,,,,,,,,,,-324000.0,,,,,,,,,,,,,,,,4853380.0,,
2017-12-31,2018-04-02,10-K,"ARTEMIS THERAPEUTICS, INC.",ATMS,CIK0001062128,USD,,,53000.0,,,1457000.0,,,,106000.0,,583000.0,583000.0,,,,525000.0,-382000.0,,,,,,0.01,,51000000.0,5153380.0,5153380.0,52000.0,,,,,,,,,,2763000.0,,2763000.0,,,,428000.0,,,,,,,-0.2,,,,319000.0,,,,,730000.0,,,,,,,,,,,,,7000.0,,,,,,,,,,,-104000.0,481000.0,583000.0,481000.0,428000.0,,,544000.0,,,,-926000.0,,-1143000.0,-972000.0,,,,-1039000.0,,12672000.0,,-104000.0,,,,,,171000.0,,,,,58000.0,,,,544000.0,,,,,,,,,,,,,,309000.0,,-1407000.0,,,106000.0,,,69503.0,,,,,242640.0,218321000.0,334168.0,0.95,,84429000.0,69505.0,0.39,0.01,,,1.3,,,,,225000.0,102000.0,,,35202.0,,,,,,,,,,,,4893022.0,4893022.0,,
2018-03-31,2018-05-14,10-Q,"ARTEMIS THERAPEUTICS, INC.",ATMS,CIK0001062128,USD,,,52000.0,,,1558000.0,,,,,,383000.0,383000.0,,,,339000.0,-186000.0,,,,,,0.01,,51000000.0,5153380.0,5153380.0,52000.0,,,,,,,,,,2819000.0,,2819000.0,,,,,,,,,,,-0.03,,,,319000.0,,,,,229000.0,,,,,,,,,,,,,-1000.0,,,,,,,,,,,89000.0,391000.0,383000.0,52000.0,339000.0,,,,,,,-186000.0,,-211000.0,179000.0,,,,-300000.0,,12883000.0,,,,,,,,32000.0,,,,,44000.0,,,,,,,,,,,,,,,,,,71000.0,,-1618000.0,,,101000.0,,,135280.0,0.83,63576000.0,,,98528.0,118071000.0,432696.0,0.97,,,,,,,,1.3,,,,,,-8000.0,,,,,,,,,,,,,,,,5153380.0,,
2018-06-30,2018-08-14,10-Q,"ARTEMIS THERAPEUTICS, INC.",ATMS,CIK0001062128,USD,,,53000.0,,,1570000.0,,,,,,181000.0,181000.0,,,,148000.0,-191000.0,,,,,,0.01,,51000000.0,5153380.0,5153380.0,52000.0,,,,,,,,,,2840000.0,,2840000.0,,,,,,,,,,,-0.02,,,,,,,,,154000.0,,,,,,,,,,,,,1000.0,,,,,,,,,,,71000.0,318000.0,181000.0,53000.0,265000.0,,,,,,,-191000.0,,-141000.0,120000.0,,,,-212000.0,,13073000.0,,,,,,,,-21000.0,,,,,33000.0,,,,,,,,,,,,,,,,,,58000.0,,-1759000.0,,,12000.0,,,153570.0,0.89,,,,,6529000.0,432696.0,1.03,,,,,,,,,,,,,,-137000.0,,,,,,,,,,,,,,,,5153461.0,,
2018-09-30,2018-11-13,10-Q,"ARTEMIS THERAPEUTICS, INC.",ATMS,CIK0001062128,USD,,,144000.0,,,1566000.0,,,,,,64000.0,64000.0,,,,38000.0,-110000.0,,,,,,0.01,,51000000.0,5153380.0,5153380.0,52000.0,,,,,,,,,,2853000.0,,2853000.0,,,,,,,,,,,-0.02,,,,,,,,,143000.0,,,,,,,,,,,,,91000.0,,,,,,,,,,,95000.0,313000.0,64000.0,144000.0,169000.0,,,,,,,-110000.0,,-108000.0,92000.0,,,,-203000.0,,13944000.0,,,,,,,,-16000.0,,,,,26000.0,,,,,,,,,,,,,,,,,,60000.0,,-1867000.0,,,-4000.0,,,209049.0,0.74,,,,,63154000.0,250716.0,0.83,,,,,,,,,,,,,,-249000.0,,,,,,,,,,,,,,,,5153461.0,,
2018-12-31,2019-04-15,10-K,"ARTEMIS THERAPEUTICS, INC.",ATMS,CIK0001062128,USD,,,161000.0,,,1571000.0,,,,114000.0,,27000.0,27000.0,,,,7000.0,-518000.0,,-518000.0,,,,0.01,,51000000.0,5153461.0,5153461.0,52000.0,,,,,,,,,,2864000.0,,2864000.0,,,163000.0,163000.0,,,,,,,-0.08,,,,319000.0,,,,,526000.0,,,,,,,,,,,,,38000.0,,,,,,,,,,,259000.0,324000.0,27000.0,324000.0,,,,,,,,-518000.0,,-513000.0,-436000.0,,,,-772000.0,,13184000.0,,,,,,,,77000.0,,,,,20000.0,,,,,,,,,,,,,,,,,,246000.0,,-1920000.0,,,114000.0,,,212174.0,0.74,54002000.0,181980.0,,98528.0,54002000.0,250716.0,0.83,,54002000.0,212174.0,0.74,,1.3,,1.3,,,,,,-297000.0,,,,,,,,,,,,,,,5153461.0,5153461.0,,
2019-03-31,2019-05-15,10-Q,"ARTEMIS THERAPEUTICS, INC.",ATMS,CIK0001062128,USD,,,169000.0,,,1894000.0,,,,,,38000.0,38000.0,,,,22000.0,15000.0,,,,,,0.01,,51000000.0,5153380.0,5153461.0,52000.0,,,,163000.0,,,,,,2857000.0,,2857000.0,,,,,,,,20000.0,,,0.003,,,,319000.0,,,,,20000.0,,,,,,,,,,,,,8000.0,,,,,,,,,,,-1000.0,189000.0,38000.0,189000.0,,,,20000.0,,,,-5000.0,,-21000.0,18000.0,,,,-20000.0,,13145000.0,,,,,,,,-3000.0,,,,,16000.0,,,,,,,,,20000.0,,,,,,,,,,,-2097000.0,,,4000.0,,,106111.0,0.19,22891000.0,109188.0,,,22891000.0,141528.0,0.47,,,,,,1.3,,,,,,,,-151000.0,,,,,,,,,,,,,,,,5153461.0,,
2019-06-30,2019-08-19,10-Q,"ARTEMIS THERAPEUTICS, INC.",ATMS,CIK0001062128,USD,,,154000.0,,,1898000.0,,,,,,38000.0,38000.0,,,,7000.0,,,,,,,0.01,,51000000.0,5153461.0,5153461.0,52000.0,,,,,,,,,,2872000.0,,2872000.0,,,,,,,,,100000.0,,-0.01,,,,,,,,,70000.0,,,,,,,,,,,,,,,,,,,,,,,,1000.0,254000.0,38000.0,154000.0,,,,,,,,,,-69000.0,59000.0,,,,-70000.0,,13214000.0,,,,,,,,-10000.0,,,,,31000.0,,,,,,,,,,,,,,,,,,,,-2166000.0,,,,,,109236.0,0.19,,,,,15102000.0,141528.0,0.47,,,,,,,,,,,,,,-216000.0,,,,,,,,,,,,,,,,5153461.0,,
2019-09-30,2019-11-14,10-Q,"ARTEMIS THERAPEUTICS, INC.",ATMS,CIK0001062128,USD,,,156000.0,,,1902000.0,,,,,,20000.0,20000.0,,,,3000.0,,,,,,,0.01,,51000000.0,5153461.0,5153461.0,52000.0,,,,,,,,,,2877000.0,,2877000.0,,,,,,,,,100000.0,,0.0,,,,,,,,,22000.0,,,,,,,,,,,,,,,,,,,,,,,,-2000.0,256000.0,20000.0,156000.0,,,,,,,,,,-24000.0,20000.0,,2000.0,,-22000.0,,13236000.0,,,,,,,,-4000.0,,,,,17000.0,,,,,,,,,,,,,,,,,,,,-2190000.0,,,,,,112361.0,0.19,,,,,15102000.0,141528.0,0.47,,,,,,,,,,,,,,-236000.0,,,,,,,,,,,,,,,,5153461.0,,
2019-12-31,2020-03-30,10-K,"ARTEMIS THERAPEUTICS, INC.",ATMS,CIK0001062128,USD,,,157000.0,,,1907000.0,,,,,,22000.0,22000.0,,,,2000.0,,,-5000.0,,,,0.01,,51000000.0,5153461.0,5153461.0,52000.0,,,,,,,,,,2879000.0,,2879000.0,,,,,,,,,103000.0,,-0.02,,,,319000.0,,,,,168000.0,,,,,,,,,,-53000.0,,,,,,,,,,,,,,-6000.0,260000.0,22000.0,157000.0,,,,103000.0,,,,-108000.0,,-121000.0,-103000.0,,-6000.0,,-168000.0,,13245000.0,,,,,,,,18000.0,,,,,20000.0,,,,,,,,,103000.0,,,,,,,,,,,-2197000.0,,,17000.0,,,115486.0,,,109188.0,,,21051000.0,141528.0,0.47,3844000.0,21051000.0,115486.0,0.28,,1.3,,,,,,,,-238000.0,,,,,,,,,,,,,,,5153461.0,5153461.0,,
2020-03-31,2020-05-14,10-Q,"ARTEMIS THERAPEUTICS, INC.",ATMS,CIK0001062128,USD,,,163000.0,,,1911000.0,,,,,,13000.0,13000.0,,,,2000.0,0.0,0.0,,,,,0.01,,51000000.0,5153461.0,5153461.0,52000.0,,,,,,,,,,2883000.0,,2883000.0,,,,,,,,,105000.0,,0.003,,,,319000.0,,,,,19000.0,,,,,,,,,,,,,6000.0,,,,,,,,,,,-2000.0,268000.0,13000.0,163000.0,,,,,,,,-2000.0,,-21000.0,18000.0,,-2000.0,,-19000.0,,13265000.0,,,,,,,,-3000.0,,,,,11000.0,,,,,,,,,2000.0,,,,,,,,,,,-2218000.0,,,4000.0,,,118611.0,0.3,3844000.0,,,,3844000.0,141528.0,0.47,,,,,,,,,,,,,,-255000.0,,,,,,,,,,,,,,,,5153461.0,,
2020-06-30,2020-08-12,10-Q,"ARTEMIS THERAPEUTICS, INC.",ATMS,CIK0001062128,USD,,,214000.0,,,1915000.0,,,,,,63000.0,63000.0,,,,3000.0,,,,,,,0.01,,51000000.0,5153461.0,5153461.0,52000.0,,,,,,,,,,2886000.0,,2886000.0,,,,,,,,,106000.0,,-0.01,,,,,,,,,57000.0,,,,,,,,,,-53000.0,,,,,,,,,,,,,,-2000.0,320000.0,63000.0,214000.0,,,,,,,,,,-6000.0,5000.0,,-2000.0,,-57000.0,,13271000.0,,,,,,,,-1000.0,,,,,60000.0,,,,,,,,,,,,,,,,,,,,-2224000.0,,,,,,121736.0,0.33,,,,,21051000.0,141528.0,0.47,,,,,,,,,,,,,,-257000.0,,,,,,,,,,,,,,,,5153461.0,,
2020-09-30,2020-11-09,10-Q,"ARTEMIS THERAPEUTICS, INC.",ATMS,CIK0001062128,USD,,,187000.0,,,1917000.0,,4000.0,,,,13000.0,13000.0,,,,6000.0,,,,,,,0.01,,51000000.0,5153461.0,5153461.0,52000.0,,,,,,,,,,2892000.0,,2892000.0,,,,,,,,108000.0,,,-0.01,,,,,,,,,28000.0,,,,,,,,,,,,,,,,,,,,,,,,,295000.0,13000.0,295000.0,,,,,,,,,,-29000.0,25000.0,,-1000.0,,-28000.0,,13301000.0,,,,,,,,-4000.0,,,,,7000.0,,,,,,,,,,,,,,,,,,,,-2252000.0,,,,,,124861.0,0.35,,,,,27458000.0,141528.0,0.47,,,,,,,,,,,,,,-282000.0,,,,,,,,,,,,,,,,5153461.0,,
2020-12-31,2021-03-30,10-K,"ARTEMIS THERAPEUTICS, INC.",ATMS,CIK0001062128,USD,,,246000.0,,,1921000.0,,14000.0,,,,11000.0,11000.0,,,,1000.0,,-1000.0,-1000.0,,,,0.01,,51000000.0,5153461.0,5153461.0,52000.0,,,,,,,,,,2906000.0,,2906000.0,,,,,,,,110000.0,0.0,,-0.02,,,,319000.0,,,,,167000.0,,,,,,,,,,-53000.0,,,89000.0,7000.0,,,,,,,,,,,356000.0,11000.0,356000.0,,,,0.0,,,,-1000.0,,-121000.0,103000.0,,-7000.0,,-167000.0,,13366000.0,,,,,,,,-18000.0,,,,,10000.0,,,,,,,0.0,,0.0,,,,,,,,,,,-2318000.0,,,14000.0,,,127986.0,,,,,,35513000.0,141528.0,0.47,35513000.0,35513000.0,127986.0,0.38,,,,,,,,0.0,,-345000.0,,,,,,,,,,,,,,,5153461.0,5153461.0,,0.0
2021-03-31,2021-05-13,10-Q,"ARTEMIS THERAPEUTICS, INC.",ATMS,CIK0001062128,USD,,,265000.0,,,1925000.0,,,,,,5000.0,5000.0,,,,2000.0,,1000.0,,,,,0.01,,51000000.0,5153461.0,5153461.0,52000.0,,,,,,,,,,2914000.0,,2914000.0,,,,,,,,117000.0,,,0.006,,,,319.0,,,,,35000.0,,,,,,,,,,,,,19000.0,7000.0,,,,,,,,,,,382000.0,5000.0,382000.0,,,,,,,,1000.0,,-36000.0,31000.0,,-1000.0,,-35000.0,,13403000.0,,,,,,,,-5000.0,,,,,3000.0,,,,,,,,,,,,,,,,,,,,-2354000.0,,,4000.0,,,131111.0,0.4,28008000.0,,,,28008000.0,141528.0,0.47,,,,,,,,,,,,,,-377000.0,,,,,,,,,,,,,,,,5153461.0,,
2021-06-30,2021-08-23,10-Q,"ARTEMIS THERAPEUTICS, INC.",ATMS,CIK0001062128,USD,,,298000.0,,,1929000.0,,,,,,4000.0,4000.0,,,,0.0,,,,,,,0.01,,51000000.0,5153461.0,5153461.0,52000.0,,,,,,,,,,2924000.0,,2924000.0,,,,,,,,127000.0,,,-0.01,,,,,,,,,46000.0,,,,,,,,,,,,,,,,,,,,,,,,,425000.0,4000.0,425000.0,,,,,,,,,,-48000.0,41000.0,,-2000.0,,-46000.0,,13450000.0,,,,,,,,-7000.0,,,,,4000.0,,,,,,,,,,,,,,,,,,,,-2402000.0,,,,,,134236.0,0.42,,,,,923365000.0,141528.0,0.47,,,,,,,,,,,,,,-421000.0,,,,,,,,,,,,,,,,5153461.0,,
2021-09-30,2021-11-10,10-Q,"ARTEMIS THERAPEUTICS, INC.",ATMS,CIK0001062128,USD,,,302000.0,,,1933000.0,,4000.0,,,,38000.0,38000.0,,,,30000.0,,,,,,,0.01,,51000000.0,5153461.0,5153461.0,52000.0,,,,,,,,,,2932000.0,,2932000.0,,,,,,,,158000.0,,,-0.01,,,,,,,,,33000.0,,,,,,,,,,,,,,,,,,,,,,,,,490000.0,38000.0,490000.0,,,,,,,,,,-35000.0,30000.0,,-2000.0,,-33000.0,,13485000.0,,,,,,,,-5000.0,,,,,8000.0,,,,,,,,,,,,,,,,,,,,-2437000.0,,,,,,137361.0,0.44,,,,,132224000.0,141528.0,0.47,,,,,,,,,131807000.0,,,30000.0,,-452000.0,,,,,,,,,,,,,,,,5153461.0,,
2021-12-31,2022-03-03,10-K,"ARTEMIS THERAPEUTICS, INC.",ATMS,CIK0001062128,USD,,,307000.0,,,1937000.0,,16000.0,,,,7000.0,7000.0,,,,1000.0,,0.0,,,,,0.01,,51000000.0,5153461.0,5153461.0,52000.0,,,,,,,,,,2941000.0,,2941000.0,,,,,,,,166000.0,0.0,,-0.03,,,,319000.0,,,,,154000.0,,,,,,,,,,0.0,,,61000.0,13000.0,,,,,,,,,,,503000.0,7000.0,503000.0,,,,73000.0,,,,-73000.0,,-167000.0,142000.0,,-13000.0,,-154000.0,,13528000.0,,,,,,,,-25000.0,,,,,6000.0,,,,,,,30000.0,,43000.0,,,,,,,,,,,-2485000.0,,,16000.0,,,140486.0,0.47,,,,0.0,86036000.0,141528.0,0.46,,,,,,,,,86036000.0,,,30000.0,,-496000.0,,,0.0,,,,,,,,,,,,5153461.0,5153461.0,14000000.0,0.0
