end,filed,form,Name,Ticker,CIK,Currency,AccountsPayableAndAccruedLiabilitiesCurrent,AccountsReceivableGrossCurrent,AccountsReceivableRelatedPartiesCurrent,AccretionOfDiscount,AllowanceForDoubtfulAccountsReceivableCurrent,AntidilutiveSecuritiesExcludedFromComputationOfEarningsPerShareAmount,Assets,AssetsCurrent,AssetsNoncurrent,CapitalizedCostsMineralInterestsInProvedProperties,CapitalizedCostsOilAndGasProducingActivitiesGross,CashAndCashEquivalentsAtCarryingValue,CashAndCashEquivalentsPeriodIncreaseDecrease,CashCashEquivalentsRestrictedCashAndRestrictedCashEquivalentsIncludingDisposalGroupAndDiscontinuedOperations,CashCashEquivalentsRestrictedCashAndRestrictedCashEquivalentsPeriodIncreaseDecreaseIncludingExchangeRateEffect,CommitmentsAndContingencies,ContractWithCustomerAssetNet,ContractWithCustomerLiability,CostOfGoodsAndServicesSold,CostOfGoodsSoldOilAndGas,CostsAndExpenses,DeferredRentCredit,DeferredRentCreditCurrent,DeferredRentCreditNoncurrent,DepreciationDepletionAndAmortization,DiscountedFutureNetCashFlowsRelatingToProvedOilAndGasReserves10PercentAnnualDiscountForEstimatedTimingOfCashFlows,DiscountedFutureNetCashFlowsRelatingToProvedOilAndGasReservesFutureCashInflows,DiscountedFutureNetCashFlowsRelatingToProvedOilAndGasReservesFutureNetCashFlows,DiscountedFutureNetCashFlowsRelatingToProvedOilAndGasReservesFutureProductionCosts,DiscountedFutureNetCashFlowsRelatingToProvedOilAndGasReservesStandardizedMeasure,DistributionMadeToLimitedPartnerCashDistributionsPaid,DistributionMadeToLimitedPartnerDistributionsPaidPerUnit,DistributionMadeToLimitedPartnerUnitDistribution,DistributionMadeToMemberOrLimitedPartnerCashDistributionsPaid,EarningsPerShareBasicAndDiluted,GainLossOnSaleOfOilAndGasProperty,GeneralAndAdministrativeExpense,GeneralPartnersCapitalAccount,ImpairmentOfOilAndGasProperties,IncentiveFromLessor,IncreaseDecreaseInAccountsAndOtherReceivables,IncreaseDecreaseInAccountsPayableAndAccruedLiabilities,IncreaseDecreaseInDeferredLiabilities,IncreaseDecreaseInDueFromRelatedParties,IncreaseDueToPurchasesOfMineralsInPlace,InvestmentIncomeInterest,LeaseAndRentalExpense,LeaseholdImprovementsGross,LesseeOperatingLeaseLiabilityPaymentsDue,LesseeOperatingLeaseLiabilityPaymentsDueAfterYearFive,LesseeOperatingLeaseLiabilityPaymentsDueNextTwelveMonths,LesseeOperatingLeaseLiabilityPaymentsDueYearFive,LesseeOperatingLeaseLiabilityPaymentsDueYearFour,LesseeOperatingLeaseLiabilityPaymentsDueYearThree,LesseeOperatingLeaseLiabilityPaymentsDueYearTwo,LesseeOperatingLeaseLiabilityPaymentsRemainderOfFiscalYear,LesseeOperatingLeaseLiabilityUndiscountedExcessAmount,Liabilities,LiabilitiesAndStockholdersEquity,LiabilitiesCurrent,LimitedPartnersCapitalAccount,LimitedPartnersCapitalAccountUnitsAuthorized,LimitedPartnersCapitalAccountUnitsOutstanding,LitigationReserve,LitigationSettlementAmount,LitigationSettlementGross,LossContingencySettlementAgreementConsideration1,NetCashProvidedByUsedInInvestingActivities,NetCashProvidedByUsedInOperatingActivities,NetIncomeLoss,NetIncomeLossAllocatedToGeneralPartners,NetIncomeLossAllocatedToLimitedPartners,NetIncreaseDecreaseInSalesAndTransferPricesAndProductionCosts,NumberOfCountriesInWhichEntityOperates,NumberOfStatesInWhichEntityOperates,OilAndGasPropertyFullCostMethodDepletion,OilAndGasPropertyFullCostMethodGross,OilAndGasPropertyFullCostMethodNet,OilAndGasRevenue,OperatingCostsAndExpenses,OperatingExpenses,OperatingIncomeLoss,OperatingLeaseLiability,OperatingLeaseLiabilityCurrent,OperatingLeaseLiabilityNoncurrent,OperatingLeasePayments,OperatingLeaseRightOfUseAsset,OperatingLeasesFutureMinimumPaymentsDue,OperatingLeasesFutureMinimumPaymentsDueCurrent,OperatingLeasesFutureMinimumPaymentsDueInFiveYears,OperatingLeasesFutureMinimumPaymentsDueInFourYears,OperatingLeasesFutureMinimumPaymentsDueInThreeYears,OperatingLeasesFutureMinimumPaymentsDueInTwoYears,OperatingLeasesFutureMinimumPaymentsDueThereafter,OperatingLeaseWeightedAverageDiscountRatePercent,OtherAmortizationOfDeferredCharges,OtherAssetsNoncurrent,OtherNonoperatingIncomeExpense,OtherSalesRevenueNet,OtherSignificantNoncashTransactionValueOfConsiderationGiven1,PartnersCapital,PartnersCapitalAccountAcquisitions,PartnersCapitalAccountDistributionPerUnitOfLimitedPartnerInterest,PartnersCapitalAccountDistributions,PartnersCapitalAccountUnits,PartnersCapitalAccountUnitsAcquisitions,PaymentsForProceedsFromOtherInvestingActivities,PaymentsToAcquireOilAndGasPropertyAndEquipment,PaymentsToAcquireProductiveAssets,PrepaidExpenseCurrent,ProceedsFromPartnershipContribution,ProductionTaxExpense,PropertyPlantAndEquipmentNet,RevenueFromContractWithCustomerIncludingAssessedTax,RevisionsOfPreviousQuantityEstimates,SalesAndTransfersOfOilAndGasProducedNetOfProductionCosts,StandardizedMeasureOfDiscountedFutureNetCashFlowOfProvedOilAndGasReservesOther,StandardizedMeasureOfDiscountedFutureNetCashFlowOfProvedOilAndGasReservesPeriodIncreaseDecrease,WeightedAverageLimitedPartnershipUnitsOutstanding,WeightedAverageNumberOfShareOutstandingBasicAndDiluted,IncreaseDecreaseInOperatingLeaseLiability,OperatingLeaseRightOfUseAssetAmortizationExpense
2008-12-31,2009-02-26,10-K,"Dorchester Minerals, L.P.",DMLP,CIK0001172358,USD,,,,,,,,,,,,16211000.0,,,,,,,,,,,,,,,,,,,,,,,,,,,,,,,,,,,,,,,,,,,,,,,,,,,,,,,,,,,,,,,,,,,,,,,,,,,,,,,,,,,,,,,,,138582000.0,,,,,,,,,,,,,,,,,,,,,
2009-03-31,2009-05-07,10-Q,"Dorchester Minerals, L.P.",DMLP,CIK0001172358,USD,,,,,,,,,,,,,,,,,,,,,,,,,,,,,,,,,,,,,,,,,,,,,,,,,,,,,,,,,,,,,,,28240431.0,,,,,,,,,,,,,,,,,,,,,,,,,,,,,,,,,,,,,,,,,,28240431.0,,,,,,,,,,,,,,,,,
2009-06-30,2009-08-06,10-Q,"Dorchester Minerals, L.P.",DMLP,CIK0001172358,USD,,,,,,,,,,35245000.0,,,,,,,,,,,,,,,,,,,,,,,,,,,,,,,,,,,,,,,,,,,,,,,,,,,,,,,,,,,,,,,,,,,,,,,,,,,,,,,,,,,,,,,,,,,,36496000.0,,,,1600000.0,,,,,,,,,,,,,,,,
2009-12-31,2010-02-25,10-K,"Dorchester Minerals, L.P.",DMLP,CIK0001172358,USD,,,,18948000.0,,,,,,,35245000.0,10124000.0,-6087000.0,,,,,,,2160000.0,22676000.0,,,,,-148638000.0,333161000.0,314673000.0,-18488000.0,166035000.0,,,,-44728000.0,,,3715000.0,,,,-366000.0,-204000.0,,725000.0,7455000.0,14000.0,217000.0,,,,,,,,,,,,,,,,29840431.0,,,,,1245000.0,37396000.0,21681000.0,698000.0,20983000.0,-8396000.0,,,,,,43631000.0,,,20955000.0,,,,,,,,,,,,,,-39000.0,,726000.0,82000.0,36496000.0,152031000.0,36496000.0,,-44728000.0,29840431.0,,,,6000.0,,,1202000.0,,,4751000.0,-39498000.0,-6709000.0,-23449000.0,,,,
2010-03-31,2010-05-06,10-Q,"Dorchester Minerals, L.P.",DMLP,CIK0001172358,USD,,,,,,,,,,17121000.0,,,,,,,,,,,,,,,,,,,,,,,,,,,,,,,,,,,,,,,,,,,,,,,,,,,,,30675431.0,,,,,,,8926000.0,,,,,,,,,15539000.0,,,,,,,,,,,,,,,,,,,,,,,17685000.0,,,,835000.0,,,,,,,,,,,,,,,,
2010-06-30,2010-08-05,10-Q,"Dorchester Minerals, L.P.",DMLP,CIK0001172358,USD,,,,,,,,,,,,14110000.0,,,,,,,,937000.0,6330000.0,,,,4539000.0,,,,,,,,,,,,854000.0,,,,,,,,,,,,,,,,,,,,,,,,,,,,,,,,,7932000.0,270000.0,7662000.0,,,,,,,14256000.0,,,7926000.0,,,,,,,,,,,,,,,,6000.0,38000.0,,,,,,,,,,,,,,,,,,,,,,,
2010-09-30,2010-11-05,10-Q,"Dorchester Minerals, L.P.",DMLP,CIK0001172358,USD,,,,,,,,,,,,16354000.0,,,,,,,,1100000.0,6950000.0,,,,5068000.0,,,,,,,,,,,,782000.0,,,,,,,,,,,,,,,,,,,,,,,,,,,,,,,,,9536000.0,335000.0,9201000.0,,,,,,,16467000.0,,,9517000.0,,,,,,,,,,,,,,,,19000.0,61000.0,,,,,,,,,,,,,,,,,,,,,,,
2010-12-31,2011-02-24,10-K,"Dorchester Minerals, L.P.",DMLP,CIK0001172358,USD,542000.0,5548000.0,3651000.0,16604000.0,,,153111000.0,20452000.0,19000.0,,17127000.0,11253000.0,1129000.0,,,0.0,,,,2442000.0,26287000.0,,39000.0,129000.0,,-211323000.0,459365000.0,430932000.0,-28433000.0,219609000.0,,,,-52198000.0,,,4128000.0,4669000.0,,,-129000.0,9000.0,,52000.0,8804000.0,1000.0,226000.0,512000.0,,,,,,,,,,710000.0,153111000.0,581000.0,147732000.0,,30675431.0,,,,,564000.0,52763000.0,43372000.0,1157000.0,33726000.0,56751000.0,,,211761000.0,344194000.0,132433000.0,75926000.0,,,34807000.0,,,,,,,,,,,,,,-40000.0,19000.0,76000.0,134000.0,17685000.0,152401000.0,17685000.0,,-52198000.0,,,,,119000.0,0.0,,1729000.0,132640000.0,,27895000.0,-52970000.0,-3510000.0,53574000.0,,,,
2011-03-31,2011-05-05,10-Q,"Dorchester Minerals, L.P.",DMLP,CIK0001172358,USD,,,,,,,,,,,,13930000.0,2677000.0,,,,,,,1151000.0,6549000.0,,,,,,,,,,,,,11249000.0,,,1156000.0,,,,,,,,,,,,,,,,,,,,,,,,,,,,,,,,13930000.0,7740000.0,269000.0,7471000.0,,,,,,,14289000.0,,,7740000.0,,,,,,,,,,,,,,,,,5000.0,,,,,,,,,,,,,,,,,,,,30675000.0,,,
2011-06-30,2011-08-05,10-Q,"Dorchester Minerals, L.P.",DMLP,CIK0001172358,USD,987000.0,6861000.0,1461000.0,,,,146293000.0,22457000.0,19000.0,,,14110000.0,,,,0.0,,,,1322000.0,6664000.0,,39000.0,109000.0,4581000.0,,,,,,,,,,,,761000.0,4487000.0,,,,,,,,,,512000.0,,,,,,,,,,1135000.0,146293000.0,1026000.0,140671000.0,,,,,,,,,9770000.0,350000.0,9420000.0,,,,220560000.0,344194000.0,123634000.0,16434000.0,,,9770000.0,,,,,,,,,,,,,,,19000.0,0.0,61000.0,,145158000.0,,,,,,,,,25000.0,,,123817000.0,,,,,,30675000.0,,,
2011-09-30,2011-11-02,10-Q,"Dorchester Minerals, L.P.",DMLP,CIK0001172358,USD,1455000.0,6470000.0,3754000.0,,,,144996000.0,25975000.0,19000.0,,,15739000.0,,,,0.0,,,,1212000.0,6857000.0,,39000.0,99000.0,4817000.0,,,,,,,,,,,,828000.0,4385000.0,,,,,,,,,,512000.0,,,,,,,,,,1593000.0,144996000.0,1494000.0,139018000.0,,,,,,,,,11506000.0,367000.0,11139000.0,,,,225365000.0,344196000.0,118831000.0,18326000.0,,,11469000.0,,,,,,,,,,,,,,,19000.0,37000.0,24000.0,,143403000.0,,,,,,,,,12000.0,,,119002000.0,,,,,,30675000.0,,,
2011-12-31,2012-02-24,10-K,"Dorchester Minerals, L.P.",DMLP,CIK0001172358,USD,529000.0,6602000.0,7616000.0,21961000.0,,,142769000.0,28456000.0,19000.0,,,14238000.0,2985000.0,,,0.0,,,,2445000.0,27311000.0,,39000.0,90000.0,18348000.0,-242925000.0,537389000.0,504515000.0,-32874000.0,261590000.0,52505000.0,,,-52505000.0,1.33,,4088000.0,4242000.0,,415000.0,1054000.0,-9000.0,,3965000.0,,200.0,233000.0,512000.0,,,,,,,,,,658000.0,142769000.0,568000.0,137869000.0,,,,,,,-6000.0,55496000.0,55414000.0,1359000.0,40856000.0,13340000.0,,25.0,230060000.0,344196000.0,114136000.0,89929000.0,,,42178000.0,,,,,,,,,,,,,,-39000.0,19000.0,37000.0,102000.0,,142111000.0,,1.6534,-52505000.0,,,,,6000.0,,,2430000.0,,,67655000.0,-63995000.0,3020000.0,41981000.0,,30675000.0,,
2012-03-31,2012-05-09,10-Q,"Dorchester Minerals, L.P.",DMLP,CIK0001172358,USD,620000.0,5634000.0,2691000.0,,,,135914000.0,25913000.0,19000.0,,,17551000.0,3313000.0,,,0.0,,,,1032000.0,6147000.0,,39000.0,80000.0,,,,,,,,0.4482,,14234000.0,,,803000.0,4052000.0,,,,,,,,,,512000.0,,,,,,,,,,739000.0,135914000.0,659000.0,131123000.0,,,500000.0,,500000.0,500000.0,,17547000.0,7298000.0,284000.0,7014000.0,,,,234360000.0,344196000.0,109836000.0,13433000.0,,,7286000.0,,,,,,,,,,,,,,,19000.0,12000.0,34000.0,,135175000.0,,,,30675431.0,,,,,37000.0,,,,,,,,,30675000.0,,,
2012-06-30,2012-08-08,10-Q,"Dorchester Minerals, L.P.",DMLP,CIK0001172358,USD,955000.0,5016000.0,1862000.0,,,,127772000.0,22253000.0,19000.0,,,15350000.0,,,,0.0,,,,1199000.0,6562000.0,,39000.0,70000.0,,,,,,,,0.3956,,,,,881000.0,3868000.0,,,,,,,,,,512000.0,,,,,,,,,,1064000.0,127772000.0,994000.0,122840000.0,,,,,,,,,8680000.0,341000.0,8339000.0,,,,238830000.0,344196000.0,105366000.0,15242000.0,,,8680000.0,,,,,,,,,,,,,,,19000.0,,132000.0,,126708000.0,,,,30675431.0,,,,,25000.0,,,,,,,,,30675000.0,,,
2012-09-30,2012-11-08,10-Q,"Dorchester Minerals, L.P.",DMLP,CIK0001172358,USD,1566000.0,5442000.0,2635000.0,,,,121955000.0,20435000.0,19000.0,,,12346000.0,,,,0.0,,,,1434000.0,6178000.0,,39000.0,60000.0,,,,,,,,0.4553,,,,,745000.0,3613000.0,,,,,,,,,,512000.0,,,,,,,,,,1665000.0,121955000.0,1605000.0,116677000.0,,,,,,,,,8129000.0,293000.0,7836000.0,,,,242817000.0,344196000.0,101379000.0,14308000.0,,,8130000.0,,,,,,,,,,,,,,,19000.0,-1000.0,7000.0,,120290000.0,,,,30675431.0,,,,,12000.0,,,,,,,,,30675000.0,,,
2012-12-31,2013-02-21,10-K,"Dorchester Minerals, L.P.",DMLP,CIK0001172358,USD,448000.0,5806000.0,6472000.0,,,,123800000.0,26070000.0,19000.0,,,13792000.0,-446000.0,,,0.0,,,,2781000.0,25193000.0,,39000.0,50000.0,16583000.0,,,,,,56870000.0,0.4686,,-56870000.0,1.2,,3815000.0,3625000.0,,415000.0,-796000.0,-81000.0,,-1144000.0,,,235000.0,512000.0,,,,,,,,,,537000.0,123800000.0,487000.0,119638000.0,,,,500000.0,500000.0,,,56424000.0,38022000.0,1343000.0,36679000.0,,,25.0,246595000.0,344196000.0,97601000.0,63204000.0,,,38011000.0,,,,,,575000.0,249000.0,,,65000.0,261000.0,,,-40000.0,19000.0,11000.0,1482000.0,,123263000.0,,1.79,56870000.0,,,,,,,,2014000.0,,,,,,,,30675000.0,,
2013-03-31,2013-05-09,10-Q,"Dorchester Minerals, L.P.",DMLP,CIK0001172358,USD,792000.0,5821000.0,3148000.0,,,,117994000.0,23650000.0,19000.0,,,14639000.0,847000.0,,,0.0,,,,1285000.0,5570000.0,,39000.0,40000.0,,,,,,,13788000.0,0.4962,,13788000.0,0.24,,899000.0,3400000.0,,,,,,,,,,512000.0,,,,,,,,,,871000.0,117994000.0,831000.0,113723000.0,,,,,,,,14635000.0,7648000.0,274000.0,7374000.0,,,,249969000.0,344196000.0,94227000.0,13218000.0,,,7648000.0,,,,,,,,,,,,,,,19000.0,,8000.0,,117123000.0,,,,30675431.0,,,,,42000.0,,,,,,,,,30675000.0,30675000.0,,
2013-06-30,2013-08-07,10-Q,"Dorchester Minerals, L.P.",DMLP,CIK0001172358,USD,1578000.0,6827000.0,5181000.0,,,,116625000.0,25549000.0,19000.0,,,13512000.0,,,,0.0,,,,1170000.0,5411000.0,,39000.0,30000.0,,,,,,,,0.4909,,,0.38,,973000.0,3364000.0,,,,,,,,,,512000.0,,,,,,,,,,1647000.0,116625000.0,1617000.0,111614000.0,,,,,,,,,12025000.0,385000.0,11640000.0,,,,253225000.0,344196000.0,90971000.0,17295000.0,,,11884000.0,,,,,,,,,,,,,,,19000.0,141000.0,8000.0,,114978000.0,,,,30675431.0,,,,,29000.0,,,,,,,,,30675000.0,30675000.0,,
2013-09-30,2013-11-07,10-Q,"Dorchester Minerals, L.P.",DMLP,CIK0001172358,USD,1491000.0,7027000.0,4366000.0,,,,114700000.0,27171000.0,19000.0,,,15765000.0,,,,0.0,,,,1340000.0,5722000.0,,39000.0,20000.0,,,,,,,,0.4478,,,0.34,,835000.0,3321000.0,,,,,,,,,,512000.0,,,,,,,,,,1550000.0,114700000.0,1530000.0,109829000.0,,,,,,,,,10749000.0,399000.0,10350000.0,,,,256759000.0,344196000.0,87437000.0,16440000.0,,,10718000.0,,,,,,,,,,,,,,,19000.0,31000.0,17000.0,,113150000.0,,,,30675431.0,,,,,13000.0,,,,,,,,,30675000.0,30675000.0,,
2013-12-31,2014-02-20,10-K,"Dorchester Minerals, L.P.",DMLP,CIK0001172358,USD,911000.0,6508000.0,6515000.0,,,,112785000.0,28198000.0,,,,15175000.0,1383000.0,,,0.0,,,,2655000.0,22469000.0,,39000.0,11000.0,13143000.0,,,,,,55015000.0,0.4858,,,1.37,,4196000.0,3250000.0,0.0,415000.0,702000.0,463000.0,,43000.0,,,223000.0,512000.0,,,,,,,,,,961000.0,112785000.0,950000.0,108574000.0,,,,,,,,56398000.0,43576000.0,1501000.0,42075000.0,,574.0,25.0,259689000.0,344196000.0,84507000.0,65869000.0,,,43400000.0,,,,,,326000.0,261000.0,,,249000.0,65000.0,,,-39000.0,19000.0,176000.0,125000.0,,111824000.0,,1.7323,55015000.0,,,,,,,,2475000.0,,,,,,,,30675000.0,,
2014-03-31,2014-05-08,10-Q,"Dorchester Minerals, L.P.",DMLP,CIK0001172358,USD,1075000.0,6910000.0,5354000.0,,,,110902000.0,28832000.0,,,,16531000.0,1356000.0,,,,,,,1439000.0,5092000.0,,39000.0,1000.0,2517000.0,,,,,,14934000.0,0.4962,,,0.41,,1136000.0,3144000.0,,,,,,,,,,512000.0,,,,,,,,,,1115000.0,110902000.0,1114000.0,106643000.0,,,,,,,,16290000.0,12897000.0,455000.0,12442000.0,,,,262194000.0,344196000.0,82002000.0,17339000.0,,,12247000.0,,,,,,,,,,,,,,,19000.0,650000.0,15000.0,,109787000.0,,,,,,,,,37000.0,,,,,,,,,,30675000.0,,
2014-06-30,2014-08-07,10-Q,"Dorchester Minerals, L.P.",DMLP,CIK0001172358,USD,1268000.0,7060000.0,4842000.0,,,,108013000.0,28736000.0,,,,16809000.0,,,,,,,,1537000.0,5362000.0,,30000.0,,2766000.0,,,,,,,0.4909,,,0.39,,1059000.0,3084000.0,,,,,,,,,,,,,,,,,,,,1298000.0,108013000.0,1298000.0,103631000.0,,,,,,,,,12669000.0,461000.0,12208000.0,,,,264947000.0,344169000.0,79222000.0,17973000.0,,,12611000.0,,,,,,,,,,,,,,,19000.0,58000.0,10000.0,,106715000.0,,,,,,,,,25000.0,,,,,,,,,,30675000.0,,
2014-09-30,2014-11-07,10-Q,"Dorchester Minerals, L.P.",DMLP,CIK0001172358,USD,1427000.0,6263000.0,8269000.0,,,,103521000.0,30443000.0,,,,15899000.0,,,,,,,,1345000.0,4751000.0,,20000.0,,2610000.0,,,,,,,0.4478,,,0.35,,796000.0,2932000.0,,,,,,,,,,,,,,,,,,,,1447000.0,103521000.0,1447000.0,99142000.0,,,,,,,,,10969000.0,400000.0,10569000.0,,,,267545000.0,340580000.0,73035000.0,15716000.0,,,10965000.0,,,,,,,,,,,,,,,19000.0,4000.0,83000.0,,102074000.0,,,,,,,,,12000.0,,,,,,,,,,30675000.0,,
2014-12-31,2015-02-19,10-K,"Dorchester Minerals, L.P.",DMLP,CIK0001172358,USD,975000.0,4761000.0,5792000.0,,,,97509000.0,26465000.0,,,,15912000.0,737000.0,,,,,,,2908000.0,20643000.0,,10000.0,,10050000.0,,,,,,60539000.0,0.4858,,,1.42,,5137000.0,2692000.0,0.0,415000.0,-1747000.0,64000.0,,-600000.0,,,268000.0,,,,,,,,,,,985000.0,97509000.0,985000.0,93832000.0,5000000.0,,,,,,,57660000.0,45239000.0,1593000.0,43646000.0,,,25.0,269690000.0,340703000.0,71013000.0,65170000.0,,,44527000.0,,,,,,721000.0,270000.0,,261000.0,133000.0,318000.0,,,-40000.0,19000.0,712000.0,197000.0,,96524000.0,,1.9034,60539000.0,,,,,,19000.0,,2548000.0,,,,,,,,30675000.0,,
2015-03-31,2015-05-07,10-Q,"Dorchester Minerals, L.P.",DMLP,CIK0001172358,USD,1298000.0,3430000.0,3843000.0,,,,86497000.0,18004000.0,,,,10673000.0,-5239000.0,,,,,,,1034000.0,4774000.0,,,,2465000.0,,,,,,15356000.0,0.3066,,,0.13,,1275000.0,2390000.0,,,,,,,,,,,,,,,,,,,,1298000.0,86497000.0,,82809000.0,,30675431.0,,,,,,10050000.0,4031000.0,153000.0,3878000.0,,,,272143000.0,340636000.0,68493000.0,8805000.0,,,4030000.0,,,,,,,,,,,,,,,,1000.0,29000.0,,85199000.0,,,,,,,,,58000.0,,,,,,,,,,30675000.0,,
2015-06-30,2015-08-06,10-Q,"Dorchester Minerals, L.P.",DMLP,CIK0001172358,USD,1725000.0,4084000.0,3755000.0,,,,81125000.0,14912000.0,,,,7028000.0,,,,,,,,977000.0,4466000.0,,54000.0,50000.0,2341000.0,,,,,,,0.1674,,,0.12,,1148000.0,2224000.0,,,,,,,,,,,,,,,,,,,,1829000.0,81125000.0,1779000.0,77072000.0,,30675431.0,,,,,,,3816000.0,149000.0,3667000.0,,,,274476000.0,340585000.0,66109000.0,8282000.0,,,3814000.0,,,,,,,,,,,,,,,,2000.0,14000.0,,79296000.0,,,,,,,,,45000.0,,,,,,,,,,30675000.0,,
2015-09-30,2015-11-05,10-Q,"Dorchester Minerals, L.P.",DMLP,CIK0001172358,USD,1729000.0,3461000.0,3708000.0,,,,78460000.0,15314000.0,,,,8113000.0,,,,,,,,593000.0,4706000.0,,54000.0,36000.0,3048000.0,,,,,,,0.1942,,,0.08,,1065000.0,2124000.0,,,,,,,,,,,,,,,,,,,,1819000.0,78460000.0,1783000.0,74517000.0,,30675431.0,,,,,,,2683000.0,103000.0,2580000.0,,,,277509000.0,340565000.0,63056000.0,7389000.0,,,2681000.0,,,,,,,,,,,,,,,,2000.0,5000.0,,76641000.0,,,,,,,,,32000.0,,,,,,,,,,30675000.0,,
2015-12-31,2016-02-25,10-K,"Dorchester Minerals, L.P.",DMLP,CIK0001172358,USD,481000.0,2639000.0,3005000.0,,0.0,,73729000.0,12780000.0,,,,7136000.0,-8776000.0,,,,,,,2244000.0,18615000.0,,54000.0,23000.0,10068000.0,,,,,,36608000.0,0.1991,,,0.42,,4967000.0,1996000.0,0.0,113000.0,-2122000.0,-571000.0,77000.0,-2787000.0,,,231000.0,,,,,,,,,,,558000.0,73729000.0,535000.0,71175000.0,8000000.0,,,,,,140000.0,27692000.0,13255000.0,513000.0,12742000.0,,574.0,25.0,279710000.0,340563000.0,60853000.0,31870000.0,,,13248000.0,,,,,,777000.0,318000.0,65000.0,,136000.0,323000.0,,,-46000.0,19000.0,7000.0,168000.0,,73171000.0,,,36608000.0,,,,,,,,1336000.0,,,,,,,,30675000.0,,
2016-03-31,2016-05-05,10-Q,"Dorchester Minerals, L.P.",DMLP,CIK0001172358,USD,553000.0,2417000.0,2519000.0,,,,68946000.0,10203000.0,,,,5267000.0,-1869000.0,,,,,,,507000.0,4628000.0,,54000.0,9000.0,2236000.0,,,,,,6339000.0,0.1474,,,0.05,,1885000.0,1824000.0,,,,,,,,,,,,,,,,,,,,616000.0,68946000.0,607000.0,66506000.0,,30675431.0,,,,,,4470000.0,1498000.0,60000.0,1438000.0,,,,281932000.0,340563000.0,58631000.0,6126000.0,,,,,,,,,,,,,,,,,,49000.0,,130000.0,,68330000.0,,,,,,,,,,,,,,,,,,,30675000.0,,
2016-06-30,2016-08-04,10-Q,"Dorchester Minerals, L.P.",DMLP,CIK0001172358,USD,1102000.0,2848000.0,1882000.0,,,,70738000.0,14252000.0,,,,9522000.0,,,,,,,,771000.0,4058000.0,,50000.0,,2255000.0,,,,,,,0.258,,,0.19,,1032000.0,1852000.0,,,,,,,,,,,,,,,,,,,,1152000.0,70738000.0,1152000.0,67734000.0,,30675431.0,,,,,,,5951000.0,201000.0,5750000.0,,,,284174000.0,340563000.0,56389000.0,10009000.0,,,,,,,,,,,,,,,,,,47000.0,,80000.0,,69586000.0,,,,,,,,,,,,,,,,,,,30675000.0,,
2016-09-30,2016-11-03,10-Q,"Dorchester Minerals, L.P.",DMLP,CIK0001172358,USD,1196000.0,3851000.0,1557000.0,,,,69296000.0,14904000.0,,,,9496000.0,,,,,,,,902000.0,4032000.0,,36000.0,,2080000.0,,,,,,,0.2522,,,0.21,,1050000.0,1831000.0,,,,,,,,,,,,,,,,,,,,1232000.0,69296000.0,1232000.0,66233000.0,,30675431.0,,,,,,,6647000.0,230000.0,6417000.0,,,,286240000.0,340563000.0,54323000.0,10679000.0,,,,,,,,,,,,,,,,,,33000.0,,17000.0,,68064000.0,,,,,,,,,,,,,,,,,,,30675000.0,,
2016-12-31,2017-03-02,10-K,"Dorchester Minerals, L.P.",DMLP,CIK0001172358,USD,252000.0,4351000.0,2225000.0,,0.0,,67211000.0,14788000.0,,,,8212000.0,1076000.0,,,,,,,1733000.0,16590000.0,,23000.0,,8507000.0,,,,,,27202000.0,0.2415,,,0.66,,4990000.0,1809000.0,0.0,,1693000.0,-252000.0,23000.0,-780000.0,,,272000.0,,,,,,,,,,,275000.0,67211000.0,275000.0,65127000.0,8000000.0,30675431.0,,,,,,28278000.0,20967000.0,736000.0,20231000.0,,574.0,25.0,288163000.0,340563000.0,52400000.0,37557000.0,,1733000.0,20967000.0,,,,,,459000.0,323000.0,,,,136000.0,,,,19000.0,,262000.0,,66936000.0,,,27202000.0,,,,,,,,1360000.0,,37557000.0,,,,,,30675000.0,,
2017-03-31,2017-05-04,10-Q,"Dorchester Minerals, L.P.",DMLP,CIK0001172358,USD,745000.0,4057000.0,3133000.0,,,0.0,68522000.0,17798000.0,,,,10608000.0,2396000.0,,,,,,987000.0,987000.0,4205000.0,,9000.0,,1755000.0,,,,,,7690000.0,0.3067,30675431.0,,0.27,,1463000.0,1826000.0,,,,,,,,,,,,,,,,,,,,,68522000.0,754000.0,65942000.0,,30675431.0,,,,,,10086000.0,8522000.0,300000.0,8222000.0,,,,289904000.0,340563000.0,50659000.0,12727000.0,,,,,,,,,,,,,,,,,,56000.0,,414000.0,,67768000.0,,,,,,,,,,,,,12727000.0,,,,,,30675000.0,,
2017-06-30,2017-08-03,10-Q,"Dorchester Minerals, L.P.",DMLP,CIK0001172358,USD,1657000.0,4542000.0,2682000.0,,,,91341000.0,19818000.0,,,,12594000.0,,,,,,,1051000.0,1051000.0,4104000.0,,,60000.0,1893000.0,,,,,,,0.323,32279774.0,,0.26,,1160000.0,1788000.0,,,,,,,,,,,,,,,,,,,,1717000.0,91341000.0,1657000.0,87836000.0,,32279774.0,,,,,,,8449000.0,330000.0,8119000.0,,,,291788000.0,363167000.0,71379000.0,12553000.0,,,,,,,,,,,,,,,,,,44000.0,,29000.0,,89624000.0,,,,,,,,,,,,,12553000.0,,,,,,30693000.0,,
2017-09-30,2017-11-03,10-Q,"Dorchester Minerals, L.P.",DMLP,CIK0001172358,USD,1774000.0,5210000.0,2321000.0,,,,88305000.0,19088000.0,,,,11557000.0,,,,,,,1320000.0,1320000.0,5256000.0,,15000.0,462000.0,2795000.0,,,,,,,0.2847,,,0.22,,1141000.0,1693000.0,,,,,,,,,,,,,,,,,,,,2251000.0,88305000.0,1789000.0,84361000.0,,,,,,,,,7224000.0,273000.0,6951000.0,,,,294583000.0,363186000.0,68603000.0,12480000.0,,,,,,,,,3000000.0,,,,,,,,,31000.0,,201000.0,,86054000.0,,,,,,,,,,,,,12480000.0,,,,,,32280000.0,,
2017-12-31,2018-03-08,10-K,"Dorchester Minerals, L.P.",DMLP,CIK0001172358,USD,599000.0,6198000.0,5330000.0,,0.0,0.0,92047000.0,25355000.0,,,,13827000.0,5615000.0,,,,,,,2460000.0,18867000.0,,38000.0,664000.0,9302000.0,,,,,,37797000.0,0.3869,,,1.18,,4930000.0,1782000.0,0.0,702000.0,1727000.0,455000.0,702000.0,3105000.0,,,385000.0,,,,,,,,,,,1301000.0,92047000.0,637000.0,88964000.0,,,,,,,-616000.0,44028000.0,38424000.0,1341000.0,37083000.0,,574.0,25.0,297442000.0,363186000.0,65744000.0,57291000.0,,2460000.0,,,,,,,3424000.0,136000.0,319000.0,313000.0,307000.0,252000.0,2097000.0,,,,,753000.0,23183000.0,90746000.0,23183000.0,,37797000.0,32279774.0,,,1056000.0,,,440000.0,2175000.0,,57291000.0,,,,,,31488000.0,,
2018-03-31,2018-05-03,10-Q,"Dorchester Minerals, L.P.",DMLP,CIK0001172358,USD,1356000.0,6642000.0,4221000.0,,,0.0,90829000.0,26255000.0,,,,15392000.0,1565000.0,,,,,,1256000.0,,4920000.0,,54000.0,648000.0,2184000.0,,,,,,12938000.0,0.4184,,,0.33,,1480000.0,1708000.0,,,,,,,,,,,,,,,,,,,,2058000.0,90829000.0,1410000.0,87063000.0,,,,,,,18000.0,14485000.0,10963000.0,374000.0,10589000.0,,,,299626000.0,363211000.0,63585000.0,,,,,,,,,,3000000.0,,,,,,,,,,,,,88771000.0,,,12938000.0,32279774.0,,,34000.0,,,52000.0,,,15883000.0,,,,,,32280000.0,,
2018-06-30,2018-08-06,10-Q,"Dorchester Minerals, L.P.",DMLP,CIK0001172358,USD,1580000.0,7301000.0,4288000.0,,,,93487000.0,31197000.0,,,,19608000.0,,,,,,,1316000.0,,4759000.0,,65000.0,659000.0,2284000.0,,,,,,,0.5373,,,0.49,,1159000.0,1839000.0,,,,,,,,,,,,,,,,,,,,2304000.0,93487000.0,1645000.0,89344000.0,,,,,,,,,16364000.0,576000.0,15788000.0,,,,301902000.0,363211000.0,61309000.0,,,,,,,,,,3000000.0,,,,,,,,,,,,,91183000.0,,,13952000.0,32279774.0,,,,,,,,,21123000.0,,,,,,32280000.0,,
2018-09-30,2018-11-01,10-Q,"Dorchester Minerals, L.P.",DMLP,CIK0001172358,USD,2074000.0,5554000.0,4327000.0,,,,85472000.0,25584000.0,,,,15703000.0,,,,,,,1396000.0,,4659000.0,,65000.0,724000.0,2396000.0,,,,,,,0.3948,,,0.27,,867000.0,1690000.0,,,,,,,,,,,,,,,,,,,,2863000.0,85472000.0,2139000.0,80919000.0,,,,,,,,,9279000.0,361000.0,8918000.0,,,,304275000.0,363205000.0,58930000.0,,,,,,,,,,3000000.0,,,,,,,,,,,,,82609000.0,,,17853000.0,32279774.0,,,,,,,,,13938000.0,,,,,,32280000.0,,
2018-12-31,2019-02-28,10-K,"Dorchester Minerals, L.P.",DMLP,CIK0001172358,USD,421000.0,6635000.0,5198000.0,,0.0,0.0,87923000.0,30118000.0,,,,18285000.0,4458000.0,18285000.0,,,,,,,19371000.0,,65000.0,790000.0,8947000.0,,,,,,58006000.0,0.5166,32279774.0,,1.61,,4913000.0,1826000.0,0.0,,437000.0,-178000.0,191000.0,-132000.0,,,345000.0,,,,,,,,,,,1276000.0,87923000.0,486000.0,84821000.0,,,,,,,-60000.0,62524000.0,53907000.0,1966000.0,51941000.0,,,25.0,306335000.0,363205000.0,56870000.0,,2762000.0,2762000.0,,,,,,,3520000.0,254000.0,,344000.0,338000.0,332000.0,2252000.0,,,,,,,86647000.0,,,58006000.0,32279774.0,,,41000.0,,,,2749000.0,,73278000.0,,,,,,32280.0,,
2019-03-31,2019-05-02,10-Q,"Dorchester Minerals, L.P.",DMLP,CIK0001172358,USD,2257000.0,7105000.0,4976000.0,,,0.0,132187000.0,31986000.0,,,,19905000.0,1620000.0,,,,0.0,0.0,1612000.0,,5052000.0,,,,2307000.0,,,,,,17238000.0,0.4823,34679774.0,,0.42,,1133000.0,1709000.0,,,,,,,,,,,3495000.0,1902000.0,,350000.0,344000.0,338000.0,332000.0,229000.0,777000.0,4975000.0,132187000.0,2558000.0,125503000.0,3995657.0,,,,,,1169000.0,17689000.0,13979000.0,446000.0,13533000.0,,,,308619000.0,406085000.0,97466000.0,,1612000.0,,,2718000.0,301000.0,2417000.0,25175.0,1823000.0,,,,,,,,0.05,,,,,43824000.0,127212000.0,43824000.0,,17238000.0,34679774.0,2400000.0,,,,,,,,19031000.0,,,,,,32360000.0,,
2019-06-30,2019-08-01,10-Q,"Dorchester Minerals, L.P.",DMLP,CIK0001172358,USD,2214000.0,7408000.0,4303000.0,,,,128387000.0,32535000.0,,,,20824000.0,,20824000.0,,,0.0,0.0,1789000.0,,7004000.0,,,,3930000.0,,,,,,,0.515,,,0.38,,1285000.0,1611000.0,,,,,,,,,,,3420000.0,1903000.0,,350000.0,344000.0,338000.0,332000.0,153000.0,776000.0,4858000.0,128387000.0,2519000.0,121918000.0,,,,,,,,,13596000.0,455000.0,13141000.0,,,,312526000.0,405730000.0,93204000.0,,1789000.0,,,2644000.0,305000.0,2339000.0,,1759000.0,,,,,,,,0.05,,,,,,123529000.0,,,17279000.0,34679774.0,,,,,,,,,20600000.0,,,,,,34680000.0,,
2019-09-30,2019-10-31,10-Q,"Dorchester Minerals, L.P.",DMLP,CIK0001172358,USD,3461000.0,6323000.0,3664000.0,,,,123974000.0,31903000.0,,,,21916000.0,,21916000.0,,,,0.0,1380000.0,,6702000.0,,,,3628000.0,,,,,,,0.4991,,,0.35,,1694000.0,1482000.0,,,,,,,,,,,3344000.0,1903000.0,,350000.0,344000.0,338000.0,332000.0,77000.0,774000.0,6031000.0,123974000.0,3770000.0,116461000.0,,,,,,,,,12867000.0,463000.0,12404000.0,,,,316131000.0,405641000.0,89510000.0,,1380000.0,,,2570000.0,309000.0,2261000.0,,1695000.0,,,,,,,,0.05,,,,,,117943000.0,,,18453000.0,34679774.0,,,,,,,,,19569000.0,,,,,,34680000.0,,
2019-12-31,2020-02-27,10-K,"Dorchester Minerals, L.P.",DMLP,CIK0001172358,USD,2052000.0,7061000.0,5882000.0,,0.0,0.0,116883000.0,28282000.0,,,,15339000.0,-2946000.0,15339000.0,-2946000.0,,,,,,26034000.0,,,,13301000.0,,,,,,70900000.0,,,,1.5,,6086000.0,1228000.0,0.0,,-395000.0,324000.0,,684000.0,,,,,3267000.0,1547000.0,332000.0,356000.0,350000.0,344000.0,338000.0,,772000.0,4547000.0,116883000.0,2362000.0,111108000.0,,,,,,,1845000.0,66109000.0,52765000.0,1733000.0,51032000.0,,,27.0,319544000.0,405670000.0,86126000.0,,3604000.0,,,2495000.0,310000.0,2185000.0,254000.0,1632000.0,,,,,,,,0.05,,,,,43824000.0,112336000.0,43824000.0,,70900000.0,,,,,,,,3043000.0,,78799000.0,,,,,,34126000.0,,
2020-03-31,2020-05-07,10-Q,"Dorchester Minerals, L.P.",DMLP,CIK0001172358,USD,2803000.0,3914000.0,4041000.0,,,0.0,113364000.0,28181000.0,,,,20226000.0,4887000.0,20226000.0,4887000.0,,,,,,6715000.0,,,,3357000.0,,,,,,12953000.0,0.4779,,,0.25,,1918000.0,1041000.0,,,,,,,,,,,,,,,,,,,,5220000.0,113364000.0,3111000.0,107103000.0,,,,,,,,17840000.0,8761000.0,238000.0,8523000.0,,,,322878000.0,405670000.0,82792000.0,,1440000.0,,,,308000.0,2109000.0,,1571000.0,,,,,,,,,,,,,,108144000.0,,,12953000.0,,,,,,,,,,15476000.0,,,,,,34680000.0,,
2020-06-30,2020-08-06,10-Q,"Dorchester Minerals, L.P.",DMLP,CIK0001172358,USD,2764000.0,3141000.0,317000.0,,,,97393000.0,15211000.0,,,,11753000.0,,11753000.0,,,,,,,5603000.0,,,,2940000.0,,,,,,,0.2263,,,0.03,,1313000.0,629000.0,,,,,,,,,,,,,,,,,,,,5102000.0,97393000.0,3069000.0,91662000.0,,,,,,,,,1192000.0,60000.0,1132000.0,,,,325795000.0,405670000.0,79875000.0,,1350000.0,,,,305000.0,2033000.0,,1510000.0,,,,,,,,,,,,,,92291000.0,,,17045000.0,,,,,,,,,,6795000.0,,,,,,34680000.0,,
2020-09-30,2020-11-05,10-Q,"Dorchester Minerals, L.P.",DMLP,CIK0001172358,USD,2509000.0,4496000.0,1998000.0,,,,94629000.0,21348000.0,,,,14854000.0,,14854000.0,,,,,,,6926000.0,,,,3161000.0,,,,,,,0.3256,,,0.16,,2233000.0,619000.0,,,,,,,,,,,,,,,,,,,,4770000.0,94629000.0,2812000.0,89240000.0,,,,,,,,,5619000.0,192000.0,5427000.0,,,,328933000.0,399989000.0,71056000.0,,1532000.0,,,,303000.0,1958000.0,,1451000.0,,,,,,,,,,,,,,89859000.0,,,8051000.0,,,,,,,,,,12545000.0,,,,,,34680000.0,,
2020-12-31,2021-02-25,10-K,"Dorchester Minerals, L.P.",DMLP,CIK0001172358,USD,1578000.0,5075000.0,1914000.0,,0.0,0.0,88327000.0,18221000.0,,,,11232000.0,,11232000.0,-4107000.0,,,,,,25061000.0,,,,11909000.0,,,,,,49639000.0,,,,0.61,,7459000.0,536000.0,0.0,,-2206000.0,-474000.0,,-3968000.0,,,,,2935000.0,1185000.0,338000.0,362000.0,356000.0,350000.0,344000.0,,750000.0,3763000.0,88327000.0,1878000.0,84028000.0,20000000.0,,,,,,6126000.0,39406000.0,21867000.0,705000.0,21162000.0,,,27.0,331361000.0,399324000.0,67963000.0,,3880000.0,,,2185000.0,300000.0,1885000.0,332000.0,1392000.0,,,,,,,,0.05,,,,,0.0,84564000.0,,,49639000.0,,,,,,,,1813000.0,,46928000.0,,,,,,34680000.0,-310000.0,240000.0
2021-03-31,2021-05-06,10-Q,"Dorchester Minerals, L.P.",DMLP,CIK0001172358,USD,1485000.0,7183000.0,3065000.0,,,0.0,91278000.0,23570000.0,,,,13322000.0,,13322000.0,2090000.0,,,,,,5988000.0,,,,2298000.0,,,,,,8681000.0,0.303441,,,0.33,,2169000.0,654000.0,,,,,,,,,,,,,,,,,,,,3594000.0,91278000.0,1783000.0,87030000.0,,,,,,,,10509000.0,11801000.0,397000.0,11404000.0,,,,333636000.0,399282000.0,65646000.0,,1521000.0,,,,298000.0,1811000.0,,1334000.0,,,,,,,,,,,,,,87684000.0,,,8681000.0,,,,,,,,,,17789000.0,,,,,,34680000.0,,
2021-06-30,2021-08-05,10-Q,"Dorchester Minerals, L.P.",DMLP,CIK0001172358,USD,1869000.0,8017000.0,3847000.0,,,,109414000.0,32343000.0,,,,20479000.0,,20479000.0,,,,,,,4852000.0,,,,2484000.0,,,,,,,0.480528,,,0.46,,724000.0,831000.0,,,,,,,,,,,,,,,,,,,,3902000.0,109414000.0,2164000.0,104681000.0,,,,,,,,,16509000.0,551000.0,15958000.0,,,,336097000.0,411185000.0,75088000.0,,1644000.0,,,,295000.0,1738000.0,,1278000.0,,,,,,,,,,,,,,105512000.0,12216000.0,,10897000.0,,,,,,,,,,21361000.0,,,,,,34688000.0,,
2021-09-30,2021-11-04,10-Q,"Dorchester Minerals, L.P.",DMLP,CIK0001172358,USD,2419000.0,10145000.0,4081000.0,,,,110306000.0,36551000.0,,,,22325000.0,,22325000.0,,,,,,,5938000.0,,,,2902000.0,,,,,,,0.507608,,,0.49,,910000.0,860000.0,,,,,,,,,,,,,,,,,,,,4378000.0,110306000.0,2712000.0,105068000.0,,,,,,,,,18031000.0,631000.0,17400000.0,,,,338976000.0,410827000.0,71851000.0,,2126000.0,,,,293000.0,1666000.0,,1222000.0,,,,,,,,,,,,,,105928000.0,,,17615000.0,,,,,,,,,,23969000.0,,,,,,35405000.0,,
2021-12-31,2022-02-24,10-K,"Dorchester Minerals, L.P.",DMLP,CIK0001172358,USD,2512000.0,11533000.0,6822000.0,,0.0,0.0,146807000.0,46661000.0,,,,28306000.0,,28306000.0,17074000.0,,,,,,23249000.0,,,,10464000.0,,,,,,55812000.0,,,,1.94,,5189000.0,982000.0,0.0,,5972000.0,623000.0,,4908000.0,,,,,2597000.0,817000.0,344000.0,368000.0,362000.0,356000.0,350000.0,,712000.0,4397000.0,146807000.0,2803000.0,141428000.0,,,,,,,2581000.0,70305000.0,70174000.0,2348000.0,67826000.0,,,26.0,341733000.0,440052000.0,98319000.0,,3929000.0,,,1885000.0,291000.0,1594000.0,338000.0,1168000.0,,,,,,,,0.05,,,,,43484000.0,142410000.0,43484000.0,,55812000.0,,,,,,,,3667000.0,,93423000.0,,,,,,35052000.0,-300000.0,224000.0
