end,filed,form,Name,Ticker,CIK,Currency,AccountsPayableCurrent,AccountsPayableInterestBearingInterestRate,AccountsPayableOtherCurrent,AccountsPayableRelatedPartiesCurrentAndNoncurrent,AccountsPayableRelatedPartiesNoncurrent,AccruedLiabilitiesCurrent,AccruedLiabilitiesForCommissionsExpenseAndTaxes,AccruedSalesCommissionCurrent,AccumulatedOtherComprehensiveIncomeLossBeforeTax1,AdditionalPaidInCapital,AdjustmentsToAdditionalPaidInCapitalOther,AdvertisingExpense,AllowanceForDoubtfulAccountsReceivableCurrent,AmortizationOfDebtDiscountPremium,Assets,AssetsCurrent,Cash,CashAndCashEquivalentsAtCarryingValue,CashAndCashEquivalentsPeriodIncreaseDecrease,CommonStockParOrStatedValuePerShare,CommonStockSharesAuthorized,CommonStockSharesIssued,CommonStockSharesOutstanding,CommonStockValue,ComprehensiveIncomeNetOfTax,ConvertibleLongTermNotesPayable,ConvertibleNotesPayable,ConvertibleNotesPayableCurrent,DebtConversionConvertedInstrumentRate,DeferredRevenue,DeferredTaxAssetsGross,DeferredTaxAssetsNet,DeferredTaxAssetsOperatingLossCarryforwards,DeferredTaxAssetsOperatingLossCarryforwardsForeign,DeferredTaxAssetsOperatingLossCarryforwardsStateAndLocal,DeferredTaxAssetsTaxDeferredExpenseReservesAndAccruals,DeferredTaxAssetsValuationAllowance,DeferredTaxAssetsValuationAllowanceCurrent,DeferredTaxLiabilitiesOtherComprehensiveIncome,Depreciation,DerivativeFairValueOfDerivativeLiabilityAmountNotOffsetAgainstCollateral,DerivativeGainLossOnDerivativeNet,DerivativeLiabilities,DerivativeLiabilitiesCurrent,DerivativeLiabilityFairValueNet1,DerivativeNetLiabilityPositionAggregateFairValue,DevelopmentStageEnterpriseDeficitAccumulatedDuringDevelopmentStage,DueToOfficersOrStockholdersCurrent,DueToRelatedPartiesCurrentAndNoncurrent,EarningsPerShareBasic,EarningsPerShareBasicAndDiluted,EffectOfExchangeRateOnCash,EffectOfExchangeRateOnCashAndCashEquivalents,EquityContributionsToFinanceLeveragedBuyout,FairValueAssetsMeasuredOnRecurringBasisChangeInUnrealizedGainLoss,FairValueAssumptionsExpectedDividendRate,FairValueAssumptionsExpectedVolatilityRate,FairValueMeasurementWithUnobservableInputsReconciliationRecurringBasisLiabilityGainLossIncludedInEarnings,FairValueMeasurementWithUnobservableInputsReconciliationRecurringBasisLiabilitySettlements,FairValueMeasurementWithUnobservableInputsReconciliationsRecurringBasisLiabilityValue,ForeignCurrencyTransactionGainBeforeTax,ForeignCurrencyTransactionGainLossRealized,GeneralAndAdministrativeExpense,GrossProfit,IncomeLossBeforeExtraordinaryItemsAndCumulativeEffectOfChangeInAccountingPrinciple,IncomeLossFromContinuingOperationsBeforeIncomeTaxesExtraordinaryItemsNoncontrollingInterest,IncomeTaxReconciliationIncomeTaxExpenseBenefitAtFederalStatutoryIncomeTaxRate,IncomeTaxReconciliationNondeductibleExpense,IncomeTaxReconciliationStateAndLocalIncomeTaxes,IncreaseDecreaseInAccountsPayable,IncreaseDecreaseInAccountsReceivable,IncreaseDecreaseInAccruedLiabilities,IncreaseDecreaseInBookOverdrafts,IncreaseDecreaseInDeferredRevenue,IncreaseDecreaseInDerivativeLiabilities,IncreaseDecreaseInDueToOfficersAndStockholders,IncreaseDecreaseInNotesPayableRelatedParties,IncreaseDecreaseInNotesPayableRelatedPartiesCurrent,IncreaseDecreaseInNotesReceivableCurrent,IncreaseDecreaseInOtherAccountsPayable,IncreaseDecreaseInPrepaidDeferredExpenseAndOtherAssets,IncreaseDecreaseInPrepaidExpense,IncreaseDecreaseInPrepaidInterest,InterestAndDebtExpense,InterestExpense,InterestExpenseDebtExcludingAmortization,InterestOnConvertibleDebtNetOfTax,InterestPaid,InterestPaidNet,InterestPayableCurrentAndNoncurrent,InterestReceivableCurrent,Liabilities,LiabilitiesAndStockholdersEquity,LiabilitiesCurrent,LoansPayable,LongTermDebt,LongTermDebtMaturitiesRepaymentsOfPrincipalAfterYearFive,LongTermDebtMaturitiesRepaymentsOfPrincipalInNextTwelveMonths,LongTermDebtMaturitiesRepaymentsOfPrincipalInYearFive,LongTermDebtMaturitiesRepaymentsOfPrincipalInYearThree,LongTermDebtMaturitiesRepaymentsOfPrincipalInYearTwo,LongTermNotesPayable,MinorityInterest,NetCashProvidedByUsedInFinancingActivities,NetCashProvidedByUsedInInvestingActivities,NetCashProvidedByUsedInOperatingActivities,NetIncomeLoss,NetIncomeLossAttributableToNoncontrollingInterest,NetIncomeLossAttributableToNonredeemableNoncontrollingInterest,NetIncomeLossAttributableToRedeemableNoncontrollingInterest,NetIncomeLossAvailableToCommonStockholdersBasic,NonoperatingIncomeExpense,NotesAndLoansReceivableGrossCurrent,NotesPayable,NotesPayableRelatedPartiesClassifiedCurrent,NotesPayableRelatedPartiesCurrentAndNoncurrent,OperatingExpenses,OperatingIncomeLoss,OperatingLeasesRentExpenseNet,OperatingLossCarryforwards,OtherComprehensiveIncomeLossTax,OtherDerivativesNotDesignatedAsHedgingInstrumentsAtFairValueNet,OtherLoansPayableLongTerm,PartnersCapitalAccountContributions,PaymentsForProceedsFromLoansReceivable,PaymentsToAcquirePropertyPlantAndEquipment,PensionExpense,PreferredStockParOrStatedValuePerShare,PreferredStockSharesAuthorized,PreferredStockSharesIssued,PreferredStockSharesOutstanding,PrepaidExpenseAndOtherAssetsCurrent,PrepaidExpenseCurrent,ProceedsFromConvertibleDebt,ProceedsFromIssuanceOfCommonStock,ProceedsFromIssuanceOrSaleOfEquity,ProceedsFromNotesPayable,ProceedsFromPaymentsToMinorityShareholders,ProceedsFromRelatedPartyDebt,ProceedsFromRepaymentsOfBankOverdrafts,ProceedsFromRepaymentsOfNotesPayable,ProceedsFromRepaymentsOfRelatedPartyDebt,ProceedsFromSaleOfMachineryAndEquipment,ProceedsFromSubordinatedShortTermDebt,ProfessionalFees,ProfitLoss,PropertyPlantAndEquipmentAdditions,PropertyPlantAndEquipmentNet,ReceivableWithImputedInterestFaceAmount,RepaymentsOfNotesPayable,ResearchAndDevelopmentExpense,RetainedEarningsAccumulatedDeficit,Revenues,SalesRevenueNet,SellingAndMarketingExpense,StockholdersEquity,StockholdersEquityIncludingPortionAttributableToNoncontrollingInterest,StockIssuedDuringPeriodValueIssuedForCash,StockIssuedDuringPeriodValueIssuedForServices,UnsecuredDebtCurrent,UnsecuredLongTermDebt,ValuationAllowanceDeferredTaxAssetChangeInAmount,WeightedAverageNumberOfShareOutstandingBasicAndDiluted
2011-09-30,2012-03-05,10-K,"VIZCONNECT, INC.",VIZC,CIK0001506295,pure,2115.0,,,,,,,,,,,,,,0.0,,,-25.0,,0.001,70000000.0,10000000.0,10000000.0,10000.0,,,,,,,,,,,,,-12615.0,,,,,,,,,,12615.0,500.0,,,0.0,,,,,,,,,,,,12615.0,,,,,,,2115.0,,,,,,500.0,,,,,,,,,,,,,,,,2615.0,0.0,2615.0,,,,,,,,,,5500.0,,-5500.0,-12615.0,,,,,,,,,,12615.0,,,12615.0,,,,,,,,0.001,5000000.0,0.0,0.0,,,,5000.0,5000.0,,,,,,,,,,,,,,,,-12615.0,,,,-2615.0,,5000.0,5000.0,,,,
2011-12-31,2012-04-02,10-Q,"VIZCONNECT, INC.",VIZC,CIK0001506295,pure,2115.0,,,,,,,,,36000.0,,,,,7000.0,7000.0,,1746.0,7000.0,0.001,70000000.0,14000000.0,14000000.0,14000.0,,,,,,,,,,,,,,,,,,,,,,,,500.0,,0.0,0.0,,,,,,,,,,,,32615.0,,,,,,,-25.0,2115.0,,,,,25.0,,,,1400.0,,,,,,,,,,,,2615.0,7000.0,2615.0,,,,,,,,,,37100.0,,-30100.0,-33600.0,,,,,,,,,,33600.0,-35115.0,,,,,,,,,,0.001,5000000.0,0.0,0.0,,,,2100.0,37100.0,,,,,,,40000.0,,33600.0,,,,,,,-40385.0,,,,1935.0,-205450.0,13025.0,,,,,
2012-03-31,2012-05-21,10-Q,"VIZCONNECT, INC.",VIZC,CIK0001506295,pure,1640.0,,,,,,,,,,,0.0,,,602.0,602.0,,1408.0,-338.0,0.001,70000000.0,48500000.0,48500000.0,48500.0,,,,,,,,,,,,,,,,,,,,,,,,1125.0,,,0.0,,,,,,,,,,,,8105.0,,,,,,,320.0,,,,,,,6436.0,,,,3375.0,,,,,,,,,,,2765.0,602.0,2765.0,,,,,,,,,,6436.0,,-6774.0,-10469.0,,,,,,,,,,13894.0,-6548.0,,,,,,,,,,0.001,5000000.0,0.0,0.0,,,,,,,,,,,,,,,,,,,,0.0,-50663.0,3425.0,3425.0,2051.0,-2163.0,,,,,,,
2012-06-30,2012-08-27,10-Q,"VIZCONNECT, INC.",VIZC,CIK0001506295,pure,1640.0,,,,,,,,,,,,,,602.0,602.0,,687.0,,0.001,70000000.0,48500000.0,48500000.0,48500.0,,,,,,,,,,,,,,,,,,,,,633477.0,,50663.0,1125.0,,,0.0,,,,,,,,,,,,32124.0,,-52258.0,,,,,,,,,,,,,,,,,,,,,,,,,,,2765.0,602.0,2765.0,,,,,,,,,,,,,-52258.0,,,,,,,,,,56683.0,-52258.0,,,,,,,,,,0.001,5000000.0,0.0,0.0,,,,,,,,,,,,,,5000.0,,,,,,,,4425.0,4425.0,1908.0,-2163.0,-25023.0,,,,,,
2012-09-30,2013-01-15,10-K,"VIZCONNECT, INC.",VIZC,CIK0001506295,pure,2630.0,,1400.0,,,,,,,35280.0,,,,,342.0,342.0,,11994.0,,0.001,70000000.0,13920000.0,13920000.0,13920.0,,,,,,,,,,,,,-41098.0,,,,,,,,,,55813.0,2925.0,,,,,,,,,,,,,,,86001.0,,-157076.0,,,,,,,,,,,2425.0,,,,,,,,,,,,,,,,6955.0,342.0,6955.0,,,,,,,,,,,,,-157076.0,,,,,,,,,2925.0,161051.0,-157076.0,,41098.0,,,,,,,,0.001,5000000.0,0.0,0.0,,,,,38500.0,,,,,,,,,52694.0,,,,,,,,3975.0,3975.0,2114.0,-6613.0,,38500.0,,,,,
2012-12-31,2013-02-05,10-Q,"VIZCONNECT, INC.",VIZC,CIK0001506295,pure,93401.0,,1400.0,,310000.0,21943.0,6436.0,,,-5000.0,,1115.0,0.0,,20602.0,20602.0,0.0,19842.0,18056.0,0.001,250000000.0,25000000.0,25000000.0,25000.0,,,310000.0,,,36667.0,,,,0.0,0.0,,,,,,,,,,,,498909.0,6425.0,22500.0,,-0.01,,,,,,,,,,,,50227.0,,,-273459.0,,,,42547.0,,21943.0,,36667.0,,3500.0,,,,,,13500.0,,,14306.0,,,,,4130.0,,499511.0,20602.0,189511.0,310000.0,310000.0,,,,,,,,176898.0,,-158842.0,-276999.0,,,,,-14306.0,,15000.0,22500.0,22500.0,286224.0,-259153.0,,,,,,,,,,0.001,5000000.0,0.0,0.0,,760.0,,-110377.0,,310000.0,,,,,,,,109733.0,-273459.0,,,,22725.0,108834.0,-498909.0,23531.0,,17430.0,-478909.0,-478909.0,,,,,,25000000.0
2013-03-31,2013-05-20,10-Q,"VIZCONNECT, INC.",VIZC,CIK0001506295,pure,135593.0,,,,,45363.0,,,,-5680.0,,0.0,,,37209.0,,,35188.0,15346.0,0.001,250000000.0,40680000.0,40680000.0,40680.0,,,312500.0,,,50861.0,,,,,,,,,,,203850.0,,,,,,579608.0,,,,0.0,,,-15000.0,,,,,,,,,24289.0,52683.0,,-80699.0,,,,42192.0,,23420.0,,14194.0,,,,,,,,-1261.0,,,7558.0,,,,,5030.0,,581817.0,37209.0,269317.0,,312500.0,,,,,,,,17500.0,,-2154.0,-80699.0,,,,,,,15000.0,22500.0,22500.0,125824.0,-73141.0,,,,,,,,,,0.001,5000000.0,0.0,0.0,,2021.0,,,,2500.0,,2500.0,,,,,,61893.0,-80699.0,,,,,14833.0,,52683.0,52683.0,24809.0,-544608.0,,,,,,,33014222.0
2013-06-30,2013-08-19,10-Q,"VIZCONNECT, INC.",VIZC,CIK0001506295,pure,185227.0,,,38100.0,,61008.0,31526.0,,,-680.0,,,,,67258.0,65128.0,,57126.0,,0.001,250000000.0,40680000.0,40680000.0,40680.0,,,5922.0,,,85800.0,,,,,,,,,,,,-270977.0,633477.0,633477.0,,,,,22500.0,,-0.01,,,,,,,,,,,,60558.0,55651.0,-402068.0,-402068.0,,,,,,,,,,,,,,,,,,,12339.0,,,,,5030.0,,1008934.0,67258.0,1003012.0,,,,,,,,,,,,,-402068.0,,-402068.0,,,,,15000.0,22500.0,,174403.0,-118752.0,,,,,,,,,,0.001,5000000.0,0.0,0.0,,8002.0,,,,,,,,,,,,58488.0,,,2130.0,,,,-981676.0,55651.0,55651.0,34226.0,,,,,0.0,5922.0,,40680000.0
2013-09-30,2013-11-15,10-Q,"VIZCONNECT, INC.",VIZC,CIK0001506295,pure,211875.0,0.02,,42500.0,,80339.0,41625.0,,,-680.0,,,,,71937.0,69915.0,0.0,44252.0,,0.001,250000000.0,40680000.0,40680000.0,40680.0,,,25332.0,36674.0,,68455.0,,,,,,,,,,,136641.0,614586.0,136641.0,136641.0,,,,,22500.0,,0.01,,,,,,,,,,,,136136.0,140856.0,416797.0,416797.0,,,,,,,,,,,,,,,,,,,65316.0,,,,,4345.0,,596816.0,71937.0,571484.0,,,,,,,,,,,,,416797.0,,416797.0,,,,11200.0,15000.0,22500.0,,273329.0,-132473.0,,,,,,,,,,0.001,5000000.0,0.0,0.0,,14463.0,,,,,,,,,,,,40511.0,,,2022.0,,,,-564879.0,140856.0,140856.0,47337.0,-524879.0,,,,36674.0,25332.0,,40680000.0
2013-12-31,2014-04-22,10-K,"VIZCONNECT, INC.",VIZC,CIK0001506295,pure,237705.0,,,42500.0,,97088.0,42057.0,,,173025.0,,403.0,22700.0,107451.0,51495.0,49558.0,0.0,34904.0,15062.0,0.0,5000000000.0,40680000.0,40680000.0,407.0,,,37370.0,32167.0,,52356.0,193734.0,0.0,184818.0,470000.0,0.0,8916.0,-193734.0,193734.0,,215.0,203850.0,259082.0,203850.0,203850.0,,203850.0,,,22500.0,,-0.01,,,,,,,259082.0,-55232.0,203850.0,0.0,,354376.0,335768.0,,-478064.0,-162542.0,-5950.0,-25242.0,144304.0,,75145.0,,15689.0,,,,,22700.0,,,13894.0,,22700.0,151847.0,,,1751.0,,7720.0,145.0,755036.0,51495.0,717666.0,,480250.0,,117750.0,362500.0,,,22500.0,84020.0,347250.0,-2152.0,-330036.0,-478064.0,-15980.0,-462084.0,,,107235.0,,72000.0,22500.0,,921067.0,-585299.0,20169.0,,,203850.0,,120000.0,22700.0,2152.0,100000.0,0.0,50000000.0,0.0,0.0,14654.0,14654.0,,20000.0,,271750.0,100000.0,,,,,,,288219.0,-478064.0,-2152.0,1937.0,,44500.0,23125.0,-960993.0,335768.0,,175663.0,-703541.0,-787561.0,,-78200.0,32167.0,37370.0,193734.0,40680000.0
2014-03-31,2014-05-20,10-Q,"VIZCONNECT, INC.",VIZC,CIK0001506295,pure,286067.0,,,42500.0,,107316.0,49458.0,,,1332593.0,,,,109372.0,96448.0,94619.0,0.0,76678.0,41774.0,0.001,250000000.0,58855000.0,58855000.0,58855.0,,,55629.0,274020.0,,44227.0,,,,,,,,,,108.0,256236.0,-75102.0,256236.0,256236.0,,,,,24842.0,,-0.03,,,,75102.0,,,,,,,,865874.0,64223.0,,-1502760.0,,,,48363.0,,15070.0,,-8129.0,,,,29011.0,,,,-3287.0,,,156693.0,,156693.0,63542.0,2500.0,8489.0,,1090348.0,96448.0,1034719.0,,,,,,,,,78405.0,176250.0,,-134476.0,-1502760.0,-5615.0,-1508375.0,-5615.0,,,,42011.0,24842.0,,1335188.0,-1270965.0,,,,,,,,,,0.001,5000000.0,0.0,0.0,17941.0,,,,,313000.0,,,,,-2500.0,,,411448.0,-1508375.0,,1829.0,,134250.0,22038.0,-2463753.0,64223.0,,35828.0,-1072305.0,-993900.0,,1137300.0,274020.0,55629.0,,50484444.0
2014-06-30,2014-08-14,10-Q,"VIZCONNECT, INC.",VIZC,CIK0001506295,pure,371047.0,,,42500.0,,148258.0,50071.0,,,1903439.0,138396.0,,,,8229.0,6415.0,0.0,797.0,,0.001,250000000.0,66638390.0,66638390.0,66638.0,-876539.0,,47792.0,133000.0,,9655.0,,,,,,,,,,,200898.0,-83058.0,200898.0,200898.0,,,,,29842.0,,-0.01,,,,,,,,,,,,60068.0,76254.0,,-876539.0,,,,,,,,,,,,,,,,,,,354253.0,,,,,9280.0,,1300039.0,8229.0,1252247.0,,,,,,,,,78405.0,,,,-876539.0,,-876539.0,,,,,358443.0,29842.0,,515482.0,-439228.0,,,,,42500.0,,,,,0.001,5000000.0,0.0,0.0,5618.0,,,,,,,,,,,,,418698.0,-876539.0,,1814.0,,,,-3340292.0,76254.0,,19917.0,-1370215.0,-1291810.0,,,133000.0,47792.0,,64863964.0
2014-09-30,2014-11-14,10-Q,"VIZCONNECT, INC.",VIZC,CIK0001506295,pure,351833.0,,,42500.0,,158579.0,21963.0,,,1948853.0,44164.0,,,,20726.0,4664.0,0.0,741.0,,0.001,250000000.0,66763390.0,66763390.0,67888.0,-397400.0,355583.0,66524.0,65226.0,,2609.0,,,,,,,,,,,582598.0,-76114.0,582598.0,582598.0,,,,,24842.0,,-14.89,,,,,,,,,,,,85141.0,32623.0,,-397620.0,,,,,,,,,,,,,,,,,,,213614.0,,,,,10060.0,,1663492.0,20726.0,1596968.0,,,,,,,,,78185.0,,,,-397620.0,-220.0,-397400.0,,,,,411281.0,24842.0,,140515.0,-107892.0,,,,,,,,,,0.001,5000000.0,0.0,0.0,3923.0,,,,,,,,,,5000.0,,,62979.0,-397400.0,,16062.0,3281.0,,,-3737692.0,32623.0,,-20289.0,-1720951.0,-1642766.0,,,65226.0,66524.0,,26681.0
2014-12-31,2015-06-16,10-K,"VIZCONNECT, INC.",VIZC,CIK0001506295,pure,370211.0,,,42500.0,,487716.0,21640.0,4184.0,974.0,2088316.0,274158.0,0.0,,591511.0,13016.0,11356.0,0.0,10602.0,-24302.0,0.0,5000000000.0,36260.0,36260.0,1.0,-3338158.0,,69559.0,202252.0,,18000.0,625513.0,0.0,625513.0,1592400.0,0.0,,-625513.0,431779.0,974.0,277.0,600271.0,-150389.0,600271.0,600271.0,,,,,24848.0,,-0.05,974.0,,,,0.0,3.52,150389.0,-268717.0,600271.0,974.0,,1433616.0,181058.0,,-3339132.0,-1135305.0,879832.0,-176306.0,132506.0,,416121.0,,-34356.0,,,,996973.0,,,,-13900.0,-41000.0,,874902.0,,,162213.0,,10840.0,,2139830.0,13016.0,2070271.0,,,1030194.0,,175790.0,80833.0,773571.0,24848.0,78127.0,563695.0,,-588971.0,-3339132.0,-5893.0,-3333239.0,,,,,366973.0,24848.0,,2494899.0,-2313841.0,23448.0,,,,,974.0,,,,0.0,29999997.0,0.0,0.0,754.0,,,,,996973.0,,8000.0,,7500.0,-10500.0,,,941040.0,,,1660.0,,-430778.0,53814.0,-4294232.0,181058.0,,30781.0,-2126814.0,-2204941.0,,-1400515.0,202252.0,69559.0,431779.0,63432642.0
2015-03-31,2015-08-05,10-Q,"VIZCONNECT, INC.",VIZC,CIK0001506295,pure,373629.0,,,,,664178.0,21640.0,,965.0,2387999.0,189704.0,,,119134.0,4955.0,3371.0,0.0,11.0,-10591.0,0.0,5000000000.0,212965252.0,212965252.0,2130.0,,,66696.0,214001.0,,18000.0,,,,,,,,,,76.0,469635.0,-59068.0,469635.0,469635.0,,,,,,,0.0,,-9.0,,59068.0,0.0,3.87,,,,,,134995.0,,,-367994.0,,,,3418.0,,176522.0,,,,,,0.0,,,,-2606.0,,,160809.0,,160809.0,,,,,2197960.0,4955.0,2131264.0,,,,,,,,,78176.0,,,-10582.0,-367994.0,,-368043.0,49.0,,,,366973.0,24848.0,,148117.0,-148117.0,,,,,,,,,,0.0,49999997.0,0.0,0.0,3360.0,,,,,,,,,,,,,10549.0,-368043.0,,1584.0,,,893.0,-4662275.0,,,1680.0,-2271181.0,-2193005.0,,1800.0,214001.0,66696.0,,119286430.0
2015-06-30,2015-08-19,10-Q,"VIZCONNECT, INC.",VIZC,CIK0001506295,pure,353769.0,,,,,778420.0,21640.0,4184.0,,2388043.0,,,,,7476.0,5969.0,0.0,2151.0,,0.0,5000000000.0,3212965252.0,3212965252.0,32132.0,-562484.0,,18873.0,356143.0,,18000.0,,,,,,,,,965.0,,,-288408.0,815893.0,815893.0,,,,,,,0.0,,,,,,,,,,,,132046.0,,,-562484.0,,,,,,,,,,,,,,,,,,,133656.0,,,,,,,2732919.0,7476.0,2714046.0,,,,,,,,,78176.0,,,,-562484.0,,,,,,,366973.0,24848.0,,140420.0,-140420.0,,,,,,,,,,0.0,29999997.0,0.0,0.0,3818.0,,,,,,,,,,,,,7890.0,-562484.0,,1507.0,,,,-5224759.0,,,484.0,-2803619.0,-2725443.0,,,356143.0,18873.0,,1564737230.0
2015-09-30,2016-03-28,10-Q,"VIZCONNECT, INC.",VIZC,CIK0001506295,pure,377580.0,,,,,915904.0,21640.0,4184.0,,2529133.0,,,,,9609.0,8179.0,0.0,343.0,,0.0,5000000000.0,1439747.0,1439747.0,14.0,-223468019.0,,83560.0,360489.0,,18000.0,,,,,,,,,965.0,,,-223166269.0,223946744.0,223946744.0,,,,,,,-161.67,,,,,,,,,,,,135892.0,,,-223468019.0,,,,,,,,,,,,,,,,,,,127027.0,,,,,,,226094098.0,9609.0,226010538.0,,,,,,,,,78176.0,,,,-223468019.0,,,,,,,366973.0,24848.0,,174723.0,-174723.0,,,,,,,,,,0.0,29999997.0,0.0,0.0,7836.0,,,,,,,,,,,,,38591.0,-223468019.0,,1430.0,,,,-228692778.0,,,240.0,-226084489.0,-226162665.0,,,360489.0,83560.0,,1382262.0
