end,filed,form,Name,Ticker,CIK,Currency,AccountsAndNotesReceivableNet,AccountsPayableAndAccruedLiabilitiesCurrent,AccountsPayableCurrent,AccountsPayableFairValueDisclosure,AccountsPayableInterestBearingInterestRate,AccountsPayableOtherCurrent,AccountsPayableRelatedPartiesCurrent,AccountsPayableTradeCurrent,AccountsReceivableNet,AccountsReceivableNetCurrent,AccruedLiabilitiesAndOtherLiabilities,AccruedLiabilitiesCurrent,AccruedMarketingCostsCurrent,AccumulatedDepreciationDepletionAndAmortizationPropertyPlantAndEquipment,AdditionalPaidInCapital,AdvanceRoyaltiesNoncurrent,AdvancesToAffiliate,AdvertisingExpense,AllowanceForDoubtfulAccountsReceivable,AllowanceForDoubtfulAccountsReceivableCurrent,AllowanceForDoubtfulAccountsReceivableNoncurrent,AllowanceForDoubtfulAccountsReceivablePeriodIncreaseDecrease,AllowanceForDoubtfulAccountsReceivableRecoveries,AllowanceForDoubtfulAccountsReceivableWriteOffs,AllowanceForLoanAndLeaseLossesRealEstate,AllowanceForLoanAndLeaseLossesWriteOffs,AllowanceForLoanAndLeaseLossesWriteoffsNet,AllowanceForNotesAndLoansReceivableCurrent,Assets,AssetsCurrent,AssetsNoncurrent,BankOverdrafts,Cash,CashAndCashEquivalentsAtCarryingValue,CashAndCashEquivalentsPeriodIncreaseDecrease,CashAndCashEquivalentsPeriodIncreaseDecreaseExcludingExchangeRateEffect,CashAndDueFromBanks,CashEquivalentsAtCarryingValue,CashPeriodIncreaseDecrease,CommitmentsAndContingencies,CommonStockParOrStatedValuePerShare,CommonStockSharesAuthorized,CommonStockSharesIssued,CommonStockSharesOutstanding,CommonStockValue,CostOfGoodsAndServicesSold,CostOfGoodsSold,CurrentIncomeTaxExpenseBenefit,CustomerAdvancesCurrent,DebtInstrumentInterestRateStatedPercentage,DeferredIncomeTaxExpenseBenefit,DeferredRevenue,DeferredRevenueCurrent,DeferredTaxAssetsGross,DeferredTaxAssetsLiabilitiesNet,DeferredTaxAssetsNet,DeferredTaxAssetsOperatingLossCarryforwards,DeferredTaxAssetsOperatingLossCarryforwardsSubjectToExpiration,DeferredTaxAssetsTaxDeferredExpense,DeferredTaxAssetsTaxDeferredExpenseCompensationAndBenefitsEmployeeCompensation,DeferredTaxAssetsTaxDeferredExpenseCompensationAndBenefitsShareBasedCompensationCost,DeferredTaxAssetsValuationAllowance,DeferredTaxAssetsValuationAllowanceCurrent,DeferredTaxLiabilities,DepositLiabilitiesAccruedInterest,Deposits,DepositsAssetsCurrent,DepositsAssetsNoncurrent,Depreciation,DepreciationAndAmortization,DepreciationExpense,DevelopmentStageEnterpriseDeficitAccumulatedDuringDevelopmentStage,DueToAffiliateCurrent,EarningsPerShareBasicAndDiluted,EffectiveIncomeTaxRateReconciliationAtFederalStatutoryIncomeTaxRate,EffectiveIncomeTaxRateReconciliationForeignIncomeTaxRateDifferential,FeesAndCommissionsOther,GeneralAndAdministrativeExpense,GrossProfit,IncomeLossFromContinuingOperations,IncomeLossFromContinuingOperationsBeforeIncomeTaxesDomestic,IncomeLossFromContinuingOperationsBeforeIncomeTaxesExtraordinaryItemsNoncontrollingInterest,IncomeLossFromContinuingOperationsBeforeInterestExpenseInterestIncomeIncomeTaxesExtraordinaryItemsNoncontrollingInterestsNet,IncomeLossIncludingPortionAttributableToNoncontrollingInterest,IncomeTaxExpenseBenefit,IncomeTaxExpenseBenefitContinuingOperationsAdjustmentOfDeferredTaxAssetLiability,IncomeTaxesPaid,IncomeTaxesPaidNet,IncomeTaxReconciliationForeignIncomeTaxRateDifferential,IncomeTaxReconciliationIncomeTaxExpenseBenefitAtFederalStatutoryIncomeTaxRate,IncomeTaxReconciliationStateAndLocalIncomeTaxes,IncreaseDecreaseInAccountsAndOtherReceivables,IncreaseDecreaseInAccountsPayable,IncreaseDecreaseInAccountsReceivable,IncreaseDecreaseInAccruedInterestReceivableNet,IncreaseDecreaseInAccruedLiabilities,IncreaseDecreaseInBookOverdrafts,IncreaseDecreaseInDeferredRevenue,IncreaseDecreaseInDepositOtherAssets,IncreaseDecreaseInDeposits,IncreaseDecreaseInInterestAndDividendsReceivable,IncreaseDecreaseInInventories,IncreaseDecreaseInInventoryForLongTermContractsOrPrograms,IncreaseDecreaseInOtherAccruedLiabilities,IncreaseDecreaseInPrepaidDeferredExpenseAndOtherAssets,IncreaseDecreaseInPrepaidExpense,IncreaseDecreaseInPrepaidExpensesOther,InterestExpense,InterestIncomeExpenseNet,InterestPaid,InterestPaidNet,InterestPayableCurrent,InterestReceivable,InterestReceivableCurrent,InventoryNet,InvestmentIncomeInterest,LandSales,LeaseAndRentalExpense,LegalFees,LiabilitiesAndStockholdersEquity,LiabilitiesAssumed1,LiabilitiesCurrent,MachineryAndEquipmentGross,MarketingAndAdvertisingExpense,NetCashProvidedByUsedInFinancingActivities,NetCashProvidedByUsedInInvestingActivities,NetCashProvidedByUsedInOperatingActivities,NetCashProvidedByUsedInOperatingActivitiesContinuingOperations,NetIncomeLoss,NoninterestExpenseCommissionExpense,NonoperatingIncomeExpense,NotesAndLoansReceivableGrossCurrent,NotesAndLoansReceivableNetCurrent,NotesAndLoansReceivableNetNoncurrent,NotesPayableCurrent,NotesPayableRelatedPartiesClassifiedCurrent,NotesPayableRelatedPartiesNoncurrent,NotesReceivableGross,NotesReceivableNet,OfficersCompensation,OperatingExpenses,OperatingIncomeLoss,OperatingLossCarryforwards,OperatingLossCarryforwardsValuationAllowance,OtherAccruedLiabilitiesCurrent,OtherAssets,OtherAssetsNoncurrent,OtherNoncashIncomeExpense,OtherNonoperatingIncomeExpense,OtherOperatingIncomeExpenseNet,OtherPrepaidExpenseCurrent,PayablesToCustomers,PaymentsForAdvanceToAffiliate,PaymentsToAcquireNotesReceivable,PaymentsToAcquireReceivables,PrepaidExpenseAndOtherAssetsCurrent,PrepaidExpenseCurrent,ProceedsFromCollectionOfLoansReceivable,ProceedsFromLoans,ProceedsFromNotesPayable,ProceedsFromRelatedPartyDebt,ProceedsFromRepaymentsOfRelatedPartyDebt,ProceedsFromShortTermDebt,ProfessionalFees,ProfitLoss,PropertyPlantAndEquipmentGross,PropertyPlantAndEquipmentNet,PropertyPlantAndEquipmentOtherNet,ProvisionForDoubtfulAccounts,PublicUtilitiesAllowanceForFundsUsedDuringConstructionCapitalizedInterest,ReceivableWithImputedInterestNetAmount,RetainedEarningsAccumulatedDeficit,Revenues,SalesRevenueGoodsNet,SalesRevenueNet,SellingGeneralAndAdministrativeExpense,StockholdersEquity,StockIssuedDuringPeriodSharesNewIssues,ValuationAllowanceAmount,ValuationAllowanceDeferredTaxAssetChangeInAmount,ValuationAllowancesAndReservesPeriodIncreaseDecrease,WeightedAverageNumberOfShareOutstandingBasicAndDiluted,WeightedAverageNumberOfSharesOutstandingBasic,CashCashEquivalentsRestrictedCashAndRestrictedCashEquivalentsPeriodIncreaseDecreaseExcludingExchangeRateEffect
2010-07-31,2010-09-23,10-K,"Concrete Leveling Systems, Inc.",CLEV,CIK0001414382,USD,,,,,,,,,,,,,,,,,,,,,,,,,,,,,,,,,,2426.0,,,,,,,,,,,,,,,,,,,,,,,,,,,,,,,,,,,,,,,,,,,,,,,,,,,,,,,,,,,,,,,,,,,,,,,,,,,,,,,,,,,,,,,,,,,,,,,,,,,,,,,,,,,,,,,,,,,,,,,,,,,,,,,,,,,,,,,,,,,,,,,,,,,,,,
2010-10-31,2010-12-15,10-Q,"Concrete Leveling Systems, Inc.",CLEV,CIK0001414382,USD,,,,,,,,,,,,,,,,,,,,,,,,,,,,,,,,,,557.0,-1869.0,,,,,,,,,,,,183.0,,,,,,,,,,,,,,,,,,,,,,158.0,,158.0,,,-0.01,,,,,233.0,,,-30822.0,,,0.0,,,0.0,,,,,18844.0,-416.0,,,,,,,,148.0,,640.0,,-5000.0,,-919.0,,277.0,,,,,,954.0,,,,,,,,,,,-16448.0,,-30822.0,,35.0,,,,,,,,,,31090.0,-30857.0,,,,,,,,,,,,1889.0,,,,,,,,12690.0,,,-30822.0,,,,,,,,,,416.0,30932.0,,,,,,,,
2011-01-31,2011-03-17,10-Q,"Concrete Leveling Systems, Inc.",CLEV,CIK0001414382,USD,,,,,,,,,,,,,,,,,,,,,,,,,,,,,,,,,,,,,,,,,,,,,,0.0,,,,,,,,,,,,,,,,,,,,,,,159.0,,,,,-0.01,,,,,0.0,,,-29399.0,,,0.0,,,,,,,,,,,,,,,,,,,,,,,-1168.0,,,,,,,,1290.0,,,,,,,,,,,,,,,122.0,,,,,,,,,,29521.0,-29521.0,,,,,,,,,,,,,,,,,,,,,,,-29399.0,,,,,,,,,0.0,,29362.0,,,,,,,,
2011-04-30,2011-06-08,10-Q,"Concrete Leveling Systems, Inc.",CLEV,CIK0001414382,USD,,,,,,,,,,,,,,,,,,,,,,,,,,,,,,,,,,1047.0,,,,,,,,,,,,0.0,,,,,,,,,,,,,,,,,,,,,,,,158.0,,,,0.0,,,,,0.0,,,-24194.0,,,0.0,,,,,,,,,,,,,,,,,,,,,,,-2007.0,,,,,,,,1384.0,,,,,,,,,,,,,-24194.0,,-623.0,,,,,,,,,,23571.0,-23571.0,,,,,,,,,,,,,,,,,,,,,,,,,,,,,,,,0.0,,23413.0,,,,,,,,
2011-07-31,2011-10-25,10-K,"Concrete Leveling Systems, Inc.",CLEV,CIK0001414382,USD,,,60475.0,,,,,,365.0,365.0,,,,-1900.0,244165.0,,,,0.0,,,,,,,,,,77335.0,38875.0,38460.0,0.0,19710.0,19710.0,17284.0,,,,,,0.001,100000000.0,5585418.0,5585418.0,5585.0,23266.0,,,,,,0.0,,99800.0,,0.0,86100.0,,,,,,,,,,0.0,10.0,518.0,518.0,,-295528.0,,-0.02,,,,,26633.0,,,-99806.0,,,0.0,,,0.0,,,,,72943.0,-365.0,,,,0.0,,,,351.0,,4020.0,,,,-4992.0,,734.0,,,,,262.0,5359.0,,,,77335.0,,123113.0,1900.0,,,,-22339.0,,-99806.0,,367.0,,18538.0,38450.0,,48550.0,,,,,126806.0,-100173.0,,,14088.0,38460.0,,,,,,,,8073.0,,,,,,,,31550.0,,,-99806.0,1900.0,0.0,,,,,-295528.0,,49899.0,,126288.0,-45778.0,,-99600.0,,,,,
2011-10-31,2011-12-06,10-Q,"Concrete Leveling Systems, Inc.",CLEV,CIK0001414382,USD,,,80787.0,,,,,,,365.0,,,,-1900.0,244165.0,,,,,,,,,,,,,,58966.0,24734.0,,,2789.0,2789.0,-16921.0,,,,,,0.001,100000000.0,5585418.0,5585418.0,5585.0,0.0,0.0,,,,,,,,,,,,,,,,,,,,,10.0,0.0,,0.0,-334356.0,,-0.01,,,,,0.0,,,-38828.0,,,0.0,,,0.0,,,,,20312.0,0.0,,447.0,,,,,,-400.0,,447.0,,0.0,,-1502.0,,226.0,,,,,662.0,801.0,,,,58966.0,,143572.0,,,,,-18469.0,,-38828.0,,-701.0,,,,,48250.0,,,,,38127.0,-38127.0,,,14535.0,,,,,,,,,1848.0,,,,,,,,-300.0,,,-38828.0,1900.0,0.0,,,,,,,0.0,0.0,38127.0,-84606.0,,,,,,5585418.0,
2012-01-31,2012-03-14,10-Q,"Concrete Leveling Systems, Inc.",CLEV,CIK0001414382,USD,,,102402.0,,,,,,300.0,22183.0,,,,-1900.0,244165.0,,,,,,,,,,,,,,60921.0,29147.0,,,943.0,943.0,-18767.0,,,,,,0.001,100000000.0,5585418.0,5585418.0,5585.0,0.0,,,,,,,,,,,,,,,,,,,,,5000.0,10.0,0.0,0.0,,,,0.0,,,,,0.0,,,-25817.0,,,0.0,,,0.0,,,,,41927.0,65.0,,,,,-5000.0,,,-459.0,,2605.0,,,,-1533.0,,451.0,,,,,721.0,741.0,,,,60921.0,,171344.0,1900.0,,,,-25507.0,,-25817.0,,-792.0,,,31764.0,,52250.0,,,,,25025.0,-25025.0,,,16692.0,,,,,,,,,3040.0,,,,,,,,3700.0,,,-25817.0,,0.0,,,,,-360173.0,,0.0,,25025.0,-110423.0,,,,,,5585418.0,
2012-04-30,2012-06-13,10-Q,"Concrete Leveling Systems, Inc.",CLEV,CIK0001414382,USD,,,124138.0,,,,,,,796.0,,,,-1900.0,244165.0,,,,,,,,,,,,,,66844.0,37565.0,,41.0,0.0,0.0,,,,,,,0.001,100000000.0,5585418.0,5585418.0,5585.0,299.0,,,,,,,,,,,,,,,,,,,,,,10.0,,0.0,,,,0.0,,,,,168.0,,,-24826.0,,,0.0,,,,,,,,,,,,,,,,,,,,,,,-1615.0,,,,,,,13372.0,680.0,,,,66844.0,,202091.0,,,,,,,-24826.0,,-935.0,,23397.0,29269.0,,60250.0,,,,,24059.0,-23891.0,,,17662.0,29279.0,,,-935.0,,,,,,,,,,,,,,,,,1900.0,0.0,,,,,-384997.0,,467.0,,24059.0,-135247.0,,,,,5585418.0,,
2012-07-31,2012-10-29,10-K,"Concrete Leveling Systems, Inc.",CLEV,CIK0001414382,USD,,,51547.0,,,,,,,800.0,,,,-1900.0,324355.0,,0.0,,0.0,0.0,,,,,,,,,99508.0,51267.0,48241.0,,9658.0,9658.0,-10052.0,,,,,,0.001,100000000.0,6395418.0,6395418.0,6395.0,138.0,,0.0,,,0.0,50000.0,50000.0,140200.0,0.0,0.0,124600.0,140200.0,,,15600.0,,,140100.0,,,0.0,10.0,0.0,0.0,,-414262.0,,-0.02,0.0,-0.34,,,629.0,,,-118734.0,,,0.0,0.0,,0.0,-38500.0,0.0,-38500.0,,72072.0,-435.0,-774.0,4635.0,,25000.0,,0.0,,-14709.0,,4635.0,,,,-6491.0,,913.0,,,0.0,1217.0,14971.0,2842.0,,15000.0,,99508.0,,183020.0,,,14200.0,,-32945.0,,-118734.0,,-3649.0,,24621.0,48231.0,,62750.0,,,,66000.0,115714.0,-115085.0,,-140100.0,18723.0,48241.0,48241.0,,-3649.0,,,,,8693.0,,,0.0,14200.0,,,0.0,14200.0,,,-118734.0,1900.0,0.0,,,,,-414262.0,,767.0,,115714.0,-83512.0,,-140100.0,,,5611975.0,,
2012-10-31,2012-12-12,10-Q,"Concrete Leveling Systems, Inc.",CLEV,CIK0001414382,USD,,,82252.0,,,,,,,800.0,,,,-700.0,324355.0,,,,,,,,,,,,,,99700.0,55128.0,,,2008.0,2008.0,-7650.0,,,,,,0.001,100000000.0,6395418.0,6395418.0,6395.0,183.0,,,,,,,50000.0,,,,,,,,,,,,,,,10.0,,,,,,-0.01,,,,,201.0,,,-33382.0,,33382.0,0.0,,,0.0,,,,,30705.0,,0.0,2869.0,0.0,0.0,,0.0,,-7214.0,,,,-3332.0,,-1869.0,,226.0,226.0,,,,22185.0,722.0,,,,99700.0,,216594.0,,,,,-10354.0,,-33382.0,,-1147.0,,26803.0,44562.0,,62750.0,,,,,,-32235.0,,,21592.0,,44572.0,,-1147.0,,,,,2704.0,,,3332.0,0.0,,,,0.0,,,-33382.0,700.0,0.0,,,,,-447644.0,,384.0,,32436.0,-116894.0,,,,,6395418.0,6395418.0,
2013-01-31,2013-03-13,10-Q,"Concrete Leveling Systems, Inc.",CLEV,CIK0001414382,USD,,,106469.0,,,,,,,4495.0,,,,-700.0,324355.0,,,,,,,,,,,,,,76383.0,33850.0,,,1687.0,1687.0,,,,,,,0.001,100000000.0,6395418.0,6395418.0,6395.0,21150.0,,,,,,,0.0,,,,,,,,,,,,,,,10.0,,,,-450603.0,,0.0,,,,,33345.0,,,-2957.0,,,0.0,,,,,,,,,,,,,,,,,,,,,,,-1871.0,,,,,1403.0,,1126.0,1190.0,,,,76383.0,,196236.0,,,,,,,-2957.0,,-681.0,,25139.0,42523.0,,62750.0,,,,,,-2276.0,,,27017.0,42533.0,,,-681.0,,,,,,,,,,,,,,,,,700.0,0.0,,,,,,,54495.0,,35621.0,-119853.0,,,,,6395418.0,6395418.0,
2013-04-30,2013-06-06,10-Q,"Concrete Leveling Systems, Inc.",CLEV,CIK0001414382,USD,,,126109.0,,,,,,,4495.0,,,,-700.0,324355.0,,,,,,,,,,,,,,80057.0,42848.0,,,600.0,600.0,,,,,,,,,,,6395.0,0.0,,,,,,,0.0,,,,,,,,,,,,,,5000.0,10.0,,,,,,0.0,,,,,0.0,,,-25667.0,-25667.0,,0.0,,,,,,,,,,,,,,,,,,,,,,,-1802.0,,,,,,2104.0,1125.0,947.0,,,,80057.0,,225577.0,,,,,,,-25667.0,,,,29524.0,37199.0,,76050.0,,,,,,-24812.0,,,23418.0,37209.0,,,-855.0,,,,,,,,,,,,,,,,,700.0,0.0,,,,,-476270.0,,0.0,,24812.0,-145520.0,,,,,6395418.0,,
2013-07-31,2013-10-28,10-K,"Concrete Leveling Systems, Inc.",CLEV,CIK0001414382,USD,,,36450.0,,,36074.0,,,4495.0,4495.0,,,,700.0,405355.0,,15000.0,,,0.0,,,,,,,,,85643.0,52296.0,,,2171.0,2171.0,-7487.0,-7487.0,2171.0,,,,0.0,100000000.0,6395418.0,6395418.0,6395.0,21389.0,,0.0,,,0.0,,0.0,,0.0,,124400.0,141700.0,,,17300.0,,,141700.0,15139.0,,12000.0,10.0,0.0,,,,,-0.01,0.0,-0.34,,,33688.0,,,-85291.0,,,0.0,0.0,,0.0,-29000.0,0.0,-29000.0,,101978.0,-3695.0,-1230.0,4449.0,,50000.0,,-12000.0,,13901.0,13901.0,,,,,-5747.0,,873.0,,,2447.0,2447.0,1070.0,3799.0,,15000.0,,85643.0,0.0,173446.0,,,15000.0,,-31888.0,,-85291.0,,,,30113.0,33337.0,,62750.0,,,,66000.0,117031.0,-83343.0,,-141700.0,8033.0,33347.0,,,-1948.0,,,36074.0,,9401.0,,,,0.0,,,15000.0,,,,85291.0,700.0,0.0,,,,,499553.0,,55077.0,,117031.0,-87803.0,,,,,6395418.0,,
2013-10-31,2013-12-05,10-Q,"Concrete Leveling Systems, Inc.",CLEV,CIK0001414382,USD,,,67624.0,,,,,,4495.0,,,,,-700.0,405355.0,,35600.0,,,,,,,,,,,,83510.0,54081.0,,,1197.0,1197.0,-974.0,,,,,,0.001,100000000.0,6395418.0,6395418.0,6395.0,0.0,,,,,,,34.0,,,,,,,,,,,,,,0.0,10.0,,,,,,0.0,,,,,0.0,,,-17564.0,,,0.0,,,0.0,,,,,-4900.0,0.0,-559.0,-3.0,0.0,34.0,,7000.0,,-7000.0,,-3.0,,0.0,,-208.0,,208.0,208.0,,3006.0,,13370.0,847.0,,,,83510.0,,188877.0,,,,,-22992.0,,-17564.0,,,,32013.0,29419.0,,62450.0,,,,,,-18203.0,,,23169.0,29429.0,,,639.0,639.0,,,,2018.0,,,,20000.0,,,,,,,-17564.0,700.0,0.0,,,,,-517117.0,,0.0,,18203.0,-105367.0,,,,,6395418.0,,
2014-01-31,2014-03-13,10-Q,"Concrete Leveling Systems, Inc.",CLEV,CIK0001414382,USD,,,66098.0,,,,,,,4495.0,,,,-700.0,405355.0,,40600.0,,,,,,,,,,,,83455.0,58010.0,,,,422.0,,,422.0,,,,0.001,100000000.0,6395418.0,6395418.0,6395.0,0.0,,,,,,,,,,,,,,,,,,,,,0.0,10.0,,,,,,0.0,,,,,0.0,-4258.0,,-3708.0,-3708.0,,0.0,,,,,,,,,,,,,,,,,,,,,,,-204.0,,,,,3727.0,,13370.0,754.0,,,,83455.0,,192530.0,,,,,,,-3708.0,,,,35996.0,25435.0,,62450.0,,,,,,-4258.0,,,23382.0,25445.0,,550.0,550.0,,,,,,,,,,,,,,,,-3708.0,700.0,0.0,,0.0,,,-520825.0,,0.0,,4258.0,-109075.0,,,,,6395418.0,,
2014-04-30,2014-06-13,10-Q,"Concrete Leveling Systems, Inc.",CLEV,CIK0001414382,USD,,,29643.0,,,,,,,4495.0,,,,-700.0,405355.0,,45200.0,,,,,,,,,,,,83786.0,62754.0,,,,641.0,,,641.0,,,,0.001,100000000.0,6395418.0,6395418.0,6395.0,0.0,,,,,,,,,,,,,,,,,,,,,0.0,10.0,,,,,,0.0,,,,,0.0,,,-4710.0,-4710.0,,0.0,,,,,,,,,,,,,,,,,,,,,,,-224.0,,,,,4279.0,,13802.0,837.0,,,,83786.0,,197571.0,,,,,,,-4710.0,,,,39537.0,21022.0,,62450.0,,,,,,-5323.0,,,24204.0,21032.0,,,613.0,613.0,,36074.0,,,,,,,,,,,,,,700.0,0.0,,,,,-525535.0,,0.0,,5323.0,-113785.0,,,,,6395418.0,,
2014-07-31,2014-10-24,10-K,"Concrete Leveling Systems, Inc.",CLEV,CIK0001414382,USD,,,30923.0,,,36074.0,36074.0,36074.0,2727.0,2727.0,,8529.0,,-700.0,405355.0,49600.0,49600.0,550.0,2248.0,2248.0,,,,,29325.0,29325.0,,29325.0,52008.0,34727.0,,,593.0,593.0,-1578.0,-1578.0,593.0,,,,0.001,100000000.0,6395418.0,6395418.0,6395.0,210.0,,0.0,49600.0,,0.0,,,,163100.0,0.0,134400.0,17300.0,,,17300.0,-163100.0,21400.0,163100.0,15139.0,10.0,,10.0,,,,,,-0.01,0.0,-0.34,0.0,,270.0,,,-63204.0,,,0.0,,,0.0,-21500.0,0.0,-21500.0,,-5527.0,-480.0,-2026.0,496.0,,,,12000.0,2185.0,-14526.0,-14526.0,496.0,,-436.0,,-862.0,,862.0,,,,2288.0,15596.0,2913.0,,,,52008.0,81000.0,203015.0,,,,,-39945.0,-39945.0,-63204.0,,,13087.0,17271.0,17271.0,62750.0,62750.0,,37843.0,13087.0,,,-65255.0,,163100.0,8529.0,17281.0,,,2051.0,2051.0,,,34600.0,3767.0,,436.0,436.0,,,,34600.0,,,,-63204.0,700.0,0.0,,2248.0,2185.0,2288.0,-562757.0,,480.0,,65525.0,-151007.0,,,,,6395418.0,,
2014-10-31,2014-12-10,10-Q,"Concrete Leveling Systems, Inc.",CLEV,CIK0001414382,USD,,,32555.0,,,,35770.0,,,2592.0,,,,-700.0,405355.0,,,,2248.0,,,,,,,,,,50928.0,36989.0,,,,107.0,-486.0,,,,,,0.001,100000000.0,6395418.0,6395418.0,6395.0,308.0,,,64050.0,,,,,,,,,,,,,,,,15139.0,10.0,,,,,,,,0.0,,,,,237.0,,,-16955.0,-16955.0,,0.0,,,0.0,,,,,1328.0,135.0,-53.0,,,0.0,,0.0,,185.0,,97.0,327.0,327.0,,-221.0,,221.0,,,,2341.0,15411.0,560.0,,,,50928.0,,218890.0,,,,,-14936.0,,-16955.0,,,16429.0,13929.0,,,62750.0,,,,,,-17294.0,,,8626.0,13939.0,,,,339.0,,,14450.0,0.0,,109.0,,14450.0,,,,,,,-16955.0,700.0,0.0,,,,,-579712.0,,545.0,,17531.0,-167962.0,,,,,6395418.0,,
2015-01-31,2015-03-12,10-Q,"Concrete Leveling Systems, Inc.",CLEV,CIK0001414382,USD,,,34523.0,,,,,35770.0,2592.0,,,9055.0,,-700.0,405355.0,66800.0,,,,2248.0,,,,,29325.0,,,,51062.0,40953.0,,,,111.0,,,111.0,,,,0.001,100000000.0,6395418.0,6395418.0,6395.0,0.0,,,,,,,,,,,,,,,,,,,15139.0,10.0,,,,,,,,0.0,,,,,0.0,-4822.0,,-5013.0,-5013.0,,0.0,,,,,,,,,,,,,,,,,,,,,,,233.0,,,,,,,16208.0,42.0,,,,51062.0,,224037.0,,,,,,,-5013.0,,,,,10099.0,62750.0,,,,19438.0,,,-4822.0,,,,10109.0,,-191.0,,-191.0,,,,,,,,,,,,,,,-5013.0,700.0,0.0,,,,2604.0,-584725.0,,0.0,,4822.0,-172975.0,,,,,6395418.0,,
2015-04-30,2015-06-11,10-Q,"Concrete Leveling Systems, Inc.",CLEV,CIK0001414382,USD,,,35670.0,,,,35770.0,,,2592.0,,,,700.0,405355.0,,,,,2248.0,,,,,,,,29325.0,51543.0,44232.0,,,94.0,94.0,,,,,,,0.001,100000000.0,6395418.0,6395418.0,6395.0,0.0,,,69800.0,,,,,,,,,,,,,,,,15139.0,10.0,,,,,,,,0.0,,,,,0.0,,,-4161.0,,,0.0,,,,,,,,,,,,,,,,,,,,,,,229.0,,,,,,2872.0,17208.0,398.0,,,,51543.0,,228679.0,,,,,,,-4161.0,,,21466.0,7301.0,,,62750.0,,,,,,-4330.0,,,9550.0,7311.0,,,,169.0,,,,,,,0.0,,,,,,,,,700.0,0.0,,,,,-588886.0,,0.0,,4330.0,-177136.0,,,,,6395418.0,,
2015-07-31,2015-10-26,10-K,"Concrete Leveling Systems, Inc.",CLEV,CIK0001414382,USD,,,36317.0,,,,35654.0,,,449.0,,,,700.0,405355.0,,74300.0,0.0,4046.0,4046.0,,9725.0,,,,9725.0,,39050.0,39247.0,33629.0,,,116.0,116.0,-477.0,,,,,,0.001,100000000.0,6395418.0,6395418.0,6395.0,308.0,,0.0,,,0.0,,,178700.0,178700.0,0.0,145700.0,,,,17100.0,178700.0,15600.0,,15139.0,,,0.0,,,,,74300.0,-0.01,-0.34,-0.34,0.0,,237.0,,,-46256.0,,,0.0,,,0.0,-11400.0,-15700.0,-11400.0,,4974.0,480.0,-1359.0,,,,,10.0,1737.0,-1783.0,,3821.0,,84.0,,927.0,,927.0,,15139.0,,1910.0,17379.0,1822.0,,,,39247.0,,236510.0,,,,,-26769.0,,-46256.0,,,13423.0,13423.0,5618.0,62750.0,62750.0,,37072.0,,,,-47151.0,,,12350.0,5618.0,,,,895.0,,,24700.0,1592.0,,352.0,352.0,,,,24700.0,,,,-46256.0,700.0,0.0,,1798.0,,,-609013.0,,545.0,,47388.0,-197263.0,,,15600.0,,6395418.0,,
2015-10-31,2015-12-14,10-Q,"Concrete Leveling Systems, Inc.",CLEV,CIK0001414382,USD,,,36738.0,,,,35654.0,,,449.0,,,,-700.0,405355.0,,,,,4046.0,,,,,,,,39050.0,40293.0,36232.0,,,66.0,66.0,-50.0,,,,,,0.001,100000000.0,6395418.0,6395418.0,6395.0,0.0,,,,,,,,,,,,,,,,,,,,,,,,,,,91500.0,0.0,,,,,0.0,,,-17735.0,-17735.0,,0.0,,,0.0,,,,,421.0,0.0,-237.0,,,,,,,0.0,,1161.0,-1032.0,,,252.0,,252.0,,15139.0,,2147.0,17379.0,297.0,,,,40293.0,,255292.0,,,,,-17422.0,,-17735.0,,,14807.0,,4061.0,62750.0,,,,,,,-17780.0,,,13511.0,,,,,45.0,,,17200.0,172.0,,1384.0,,,17200.0,,,,,,-17735.0,700.0,0.0,,,,,-626749.0,,0.0,,17780.0,-214999.0,,,,,6395418.0,,
2016-01-31,2016-03-10,10-Q,"Concrete Leveling Systems, Inc.",CLEV,CIK0001414382,USD,,,35268.0,,,,35654.0,,,190.0,,,,700.0,405355.0,,,,,0.0,,,,,,,,7326.0,48357.0,45797.0,,,936.0,936.0,,,,,,,0.001,100000000.0,6395418.0,6395418.0,6395.0,552.0,552.0,,,,,,,,,,,,,,,,,,,,,,,,,,97800.0,0.0,,,,,288.0,,,3774.0,,,0.0,,,,,,,,,,,,,,,,,,,,,,,-243.0,,,,15139.0,,341.0,16895.0,278.0,,,,48357.0,,259582.0,,,,,,,3774.0,,,,26470.0,2560.0,62750.0,,,,,,,3739.0,,,12971.0,,,,,35.0,,,,,,965.0,,,,,,,,,,700.0,0.0,,,,,-622975.0,,840.0,,-3451.0,-211225.0,,,,,6395418.0,,
2016-04-30,2016-06-10,10-Q,"Concrete Leveling Systems, Inc.",CLEV,CIK0001414382,USD,,,32268.0,,,,35654.0,,,0.0,,,,700.0,405355.0,,,,,0.0,,,,,,,,7326.0,29457.0,27416.0,,,2763.0,2763.0,,,,,,,0.001,100000000.0,6395418.0,6395418.0,6395.0,2128.0,2128.0,,,,,,,,,,,,,,,,,,,,,,,,,,87800.0,0.0,,,,,267.0,,,-6684.0,,,0.0,,,,,,,,,,,,,,,,,,,,,,,-234.0,,,,15139.0,,478.0,16915.0,412.0,,,,29457.0,,247366.0,,,,,,,-6684.0,,,,6663.0,2041.0,62750.0,,,,,,,-6862.0,,,13755.0,,,,,178.0,,,,,,597.0,,,,,,,,,,700.0,0.0,,,,,-629659.0,,2395.0,,7129.0,-217909.0,,,,,6395418.0,,
2016-07-31,2016-10-26,10-K,"Concrete Leveling Systems, Inc.",CLEV,CIK0001414382,USD,,,33559.0,,,,35486.0,,217.0,217.0,,,,700.0,405355.0,,,0.0,,0.0,,-14799.0,,,,,,2391.0,27134.0,24439.0,,,104.0,104.0,-12.0,,,,,,0.001,100000000.0,6395418.0,6395418.0,6395.0,2744.0,,0.0,,,0.0,,,181600.0,,0.0,167700.0,,8600.0,5300.0,5300.0,181600.0,,,,,,,,,,,89400.0,0.0,-0.34,,0.0,,876.0,,,-27765.0,,,0.0,,,0.0,,-9400.0,,,-2926.0,4278.0,8803.0,,,,,0.0,,529.0,,3478.0,,-133.0,,957.0,,957.0,,15139.0,,26.0,23607.0,1391.0,,,,27134.0,,252162.0,,,,,-36261.0,,-27765.0,,,,0.0,2695.0,62750.0,,,,,,,-28199.0,,,15828.0,,,,,434.0,,,,21149.0,,485.0,,,,,15100.0,,,,,700.0,0.0,,-4046.0,,,-636778.0,,3620.0,,29075.0,-225028.0,,,2900.0,,6395418.0,,
2016-10-31,2016-12-13,10-Q,"Concrete Leveling Systems, Inc.",CLEV,CIK0001414382,USD,,,40468.0,,,,35486.0,,,0.0,,,,700.0,405355.0,,,0.0,,0.0,,,,,,,,2391.0,29960.0,27800.0,,,821.0,821.0,717.0,,,,,,0.001,100000000.0,6395418.0,6395418.0,6395.0,,,,,,,,,,,,,,,,,,,,,,,,,,,,104150.0,0.0,,,0.0,,,,,-20095.0,,,0.0,,,0.0,,,,,6909.0,217.0,-129.0,,,,,,,,,1262.0,-2529.0,-2529.0,,242.0,,242.0,,15139.0,,155.0,23607.0,397.0,,,,29960.0,,275083.0,,,,,-14365.0,,-20095.0,,,,203.0,2160.0,62750.0,,,,,,,-20250.0,,,17090.0,,,,,155.0,,,,332.0,,3014.0,,,14750.0,,14750.0,,,,,700.0,0.0,,,,,-656873.0,,,,20250.0,-245123.0,,,,,6395418.0,,
2017-01-31,2017-03-13,10-Q,"Concrete Leveling Systems, Inc.",CLEV,CIK0001414382,USD,,,35923.0,,,,35486.0,,,0.0,,,,-700.0,405355.0,,,,,0.0,,,,,,,,2391.0,28019.0,26912.0,,,466.0,466.0,,,,,,,0.001,100000000.0,6395418.0,6395418.0,6395.0,110.0,110.0,,,,,,,,,,,,,,,,,,,,,,,,,,111800.0,0.0,,,,,277.0,,,-5284.0,,,0.0,,,,,,,,,,,,,,,,,,,,,,,241.0,,,,15139.0,,544.0,23703.0,389.0,,,,28019.0,,278427.0,,,,,,,-5284.0,,,,1256.0,1107.0,62750.0,,,,,,,-5432.0,,,17329.0,,,,,148.0,,,,,,943.0,,,,,,,,,,700.0,0.0,,,,,-662158.0,,387.0,,5709.0,-250408.0,,,,,6395418.0,,
2017-04-30,2017-06-07,10-Q,"Concrete Leveling Systems, Inc.",CLEV,CIK0001414382,USD,,,35933.0,,,,35486.0,,0.0,,,,,-700.0,398202.0,,,,,0.0,,,,,,,,,27314.0,24669.0,,,382.0,382.0,,,,,,,0.001,100000000.0,13546834.0,13546834.0,13547.0,90.0,90.0,,,,,,,192000.0,,0.0,178000.0,,8700.0,5300.0,,-192000.0,,,,,,,,,,,115600.0,0.0,,,,,173.0,,,-4247.0,,,0.0,,,,,,,,,,,,,,,,,,,,,,,232.0,,,,15139.0,,103.0,23613.0,381.0,,,,27314.0,,281970.0,,,,,,,-4247.0,,,,,2645.0,62750.0,,,,,,,-4396.0,,,17062.0,,,,,149.0,,,,,,571.0,,,,,,,,,,700.0,0.0,,,,,-666405.0,,263.0,,4569.0,-254656.0,,,,,9448832.0,,
2017-07-31,2017-11-09,10-K,"Concrete Leveling Systems, Inc.",CLEV,CIK0001414382,USD,26447.0,,44420.0,35486.0,,,35486.0,,,93.0,,,0.0,700.0,397723.0,,,,0.0,0.0,19724.0,-449.0,,,,,,4078.0,26766.0,24122.0,,20.0,,-20.0,-124.0,,,-20.0,,,0.001,100000000.0,14027834.0,14027834.0,14027.0,200.0,,0.0,,,0.0,,,195500.0,,0.0,181400.0,,,,5300.0,195500.0,,,,,,,,,,,117000.0,-0.01,0.34,,0.0,,543.0,,,-39878.0,,,0.0,,,,,-13400.0,,,10861.0,124.0,-1140.0,,,,,,,-81.0,,1029.0,,285.0,,958.0,,958.0,958.0,15139.0,1267.0,141.0,23688.0,1541.0,,,,26766.0,,291672.0,,,27600.0,500.0,-28224.0,,-39878.0,0.0,,,,2644.0,62750.0,,,,,,,-40461.0,,,16857.0,,,,,583.0,,,,-500.0,,200.0,,,,,27600.0,,,,,700.0,,,,,,-676656.0,743.0,743.0,,41004.0,-264906.0,,,13900.0,,6395418.0,,
2017-10-31,2017-12-15,10-Q,"Concrete Leveling Systems, Inc.",CLEV,CIK0001414382,USD,,,40843.0,35486.0,,,61395.0,,,265.0,,,,700.0,397723.0,,,1769.0,,0.0,,,,,,,,4646.0,26748.0,24104.0,,,64.0,64.0,84.0,,,,,,0.001,100000000.0,14027834.0,14027834.0,14027.0,90.0,,0.0,,0.06,0.0,,,203900.0,,0.0,189700.0,,,,5300.0,203900.0,,,,,,,,,,,118000.0,0.0,0.34,,0.0,,175.0,,,-24027.0,,,0.0,,,,,-8100.0,,,22332.0,-172.0,-365.0,,,,,,,90.0,,697.0,,200.0,,257.0,,257.0,257.0,15139.0,1596.0,177.0,23598.0,366.0,,,,26748.0,,315681.0,,,,,-916.0,,-24027.0,0.0,,,,2644.0,62750.0,,,,,,,-24136.0,,,17554.0,,,,,109.0,,,,,,,,,,,1000.0,,,,,700.0,,,,,,-700683.0,265.0,265.0,,24311.0,-288933.0,,,,329.0,6395418.0,,
2018-01-31,2018-03-15,10-Q,"Concrete Leveling Systems, Inc.",CLEV,CIK0001414382,USD,,,18830.0,35486.0,,,,,,,,,,700.0,433209.0,,,,0.0,0.0,,,,,,,,,25380.0,25380.0,,,1782.0,1782.0,,,,,,,0.001,100000000.0,14027834.0,14027834.0,14027.0,1370.0,,,,0.06,,,,198100.0,,0.0,192800.0,,,,5300.0,198100.0,,,,,,,,,,,181344.0,0.0,,,,,375.0,,,-8477.0,,,,,,,,,,,,,,,,,,,,,,,,,,263.0,358.0,,,15139.0,,,23598.0,358.0,,,,25380.0,,287302.0,,,,,,,-8477.0,,,,,,62750.0,,,,,,,-8572.0,,,9239.0,,,,,95.0,,,,,,,,,,,,,,,,700.0,,,,,,-709158.0,1745.0,1745.0,,8947.0,-261922.0,,,,,6395418.0,,
2018-04-30,2018-06-12,10-Q,"Concrete Leveling Systems, Inc.",CLEV,CIK0001414382,USD,,,17193.0,,,,,,,300.0,,,,700.0,433209.0,,,,0.0,0.0,,,,,,,,,24393.0,24393.0,,,332.0,332.0,,,,,,,0.001,100000000.0,14027834.0,14027834.0,14027.0,211.0,,,,0.06,,,,122600.0,,0.0,119400.0,,,,3200.0,122600.0,,,,,,,,,,,184902.0,0.0,,,,,389.0,,,-2478.0,,,0.0,,,,,,,,,,,,,,,,,,,,,,,254.0,,,,15139.0,,,23761.0,,,,,24393.0,,288793.0,,,,,,,-2478.0,,,,,,62750.0,,,,,,,-2224.0,,,8809.0,,,,,-254.0,,,,,,,,,,,,,,,,700.0,,,,,,-711636.0,600.0,600.0,,2613.0,-264400.0,,,,,6395418.0,,
2018-07-31,2018-10-29,10-K,"Concrete Leveling Systems, Inc.",CLEV,CIK0001414382,USD,,,16836.0,,,,0.0,,,,,,1769.0,700.0,433209.0,,,,0.0,,,,-723.0,-723.0,,,3508.0,,23954.0,23954.0,,,343.0,343.0,363.0,,,343.0,,,0.001,100000000.0,14027834.0,14027834.0,14027.0,1821.0,,0.0,,0.06,0.0,,,119800.0,,0.0,116600.0,,,,3200.0,119800.0,,,,,,,,,,,187032.0,-0.01,0.21,,,4922.0,1019.0,,,-36841.0,-36841.0,,0.0,,,,,-7700.0,,,-27584.0,93.0,,,,,,,,77.0,,-8399.0,,200.0,,-1034.0,723.0,,1034.0,15139.0,,,23611.0,723.0,,,,23954.0,,290215.0,,3611.0,70032.0,,-69669.0,,-36841.0,0.0,,,,,62750.0,,,,,,37549.0,-36530.0,555239.0,,8458.0,,,-311.0,,-311.0,,,,,,,,,,,70032.0,,,32627.0,-36841.0,700.0,,,,,,-713497.0,2840.0,,,37549.0,-266261.0,,,,,6395418.0,,
2018-10-31,2018-12-14,10-Q,"Concrete Leveling Systems, Inc.",CLEV,CIK0001414382,USD,,,16836.0,,,,0.0,,,,,,0.0,700.0,433209.0,,,,0.0,,,,,,,,,,23892.0,23892.0,,,371.0,371.0,28.0,,,371.0,,,0.001,100000000.0,14027834.0,14027834.0,14027.0,111.0,,0.0,,,0.0,,,123600.0,,0.0,120400.0,,,,3200.0,-123600.0,,,,,,,,,,,205203.0,0.0,0.21,,,727.0,214.0,,,-18225.0,-18225.0,,,,,,,-3800.0,,,,,,,,,,,,90.0,,-8.0,,,,-262.0,,,262.0,15139.0,,,23521.0,,,,,23892.0,,308378.0,,0.0,18171.0,,-18143.0,,-18225.0,0.0,,,,,62750.0,,,,,,18177.0,-17963.0,573464.0,,8450.0,,,-262.0,,-262.0,,,,,,,,,,,18171.0,,,17450.0,-25523.0,700.0,,,,,,-731722.0,325.0,,,18177.0,-284486.0,,,,,6395418.0,,
2019-01-31,2019-03-11,10-Q,"Concrete Leveling Systems, Inc.",CLEV,CIK0001414382,USD,,,19836.0,,,,0.0,,,,,,463.0,700.0,433209.0,,,,0.0,,,,,,,,,,25938.0,25938.0,,,362.0,362.0,,,,,,,0.001,100000000.0,14027834.0,14027834.0,14027.0,101.0,,,,,,,,125100.0,,0.0,121900.0,,,,3200.0,-125100.0,,,,,,,,,,,211587.0,0.0,,,,,199.0,,-7298.0,-7298.0,,,,,,,,,,,,,,,,,,,,,,,,,,-261.0,,,,15139.0,,,23420.0,,,,,25938.0,,317722.0,,,,,,,-7298.0,,,,,,62750.0,,,,,,,-7037.0,580762.0,,8410.0,,,,-261.0,-261.0,2156.0,,,,,,,,,,,,,,-7298.0,700.0,,,,,,-739020.0,300.0,,,7236.0,-291783.0,,,,,6395418.0,,
2019-04-30,2019-06-13,10-Q,"Concrete Leveling Systems, Inc.",CLEV,CIK0001414382,USD,,,16836.0,,,,0.0,,,,,,,700.0,433209.0,,,,0.0,,,,,,,,,,25051.0,25051.0,,,244.0,244.0,,,,,,,0.001,100000000.0,14027834.0,14027834.0,14027.0,50.0,,,,,,,,126600.0,,0.0,123400.0,,,,3200.0,-126600.0,,,,,,,,,,,220420.0,0.0,,,,,60.0,,,-6826.0,,,,,,,,,,,,,,,,,,,,,,,,,,-258.0,,,,15139.0,,,23370.0,,,,,25051.0,,323660.0,,,,,,,-6826.0,,,,,,62750.0,,,,,,,-6568.0,587637.0,,8515.0,,,,-258.0,-258.0,1437.0,,,,,,,,,,,,,,-6826.0,700.0,,,,,,-745845.0,110.0,,,6628.0,-298609.0,,,,,6395418.0,,
2019-07-31,2019-10-29,10-K,"Concrete Leveling Systems, Inc.",CLEV,CIK0001414382,USD,,,16836.0,,,,0.0,,700.0,,,,,700.0,433209.0,,,,0.0,,,,,,,,,,24696.0,24696.0,,,48.0,48.0,-295.0,,,48.0,-295.0,0.0,0.001,100000000.0,14027834.0,14027834.0,14027.0,402.0,,0.0,,,0.0,,,128100.0,,0.0,124900.0,,,,3200.0,-128100.0,,,,,,,,,,,227211.0,-0.01,0.21,,,9430.0,1033.0,,,-39444.0,-39444.0,,0.0,,,0.0,,-8300.0,,,,-700.0,,,,,,,,381.0,,7.0,-718.0,-718.0,,1047.0,,,1047.0,15139.0,,,23230.0,,,,30000.0,24696.0,,330401.0,,2543.0,40179.0,,-40474.0,,-39444.0,0.0,,,,,62750.0,,,,,,39430.0,-38397.0,594594.0,,8465.0,,,-1047.0,-1047.0,,,,,,,718.0,,,,,40179.0,,,30000.0,-39444.0,0.0,700.0,,,,,-752941.0,1435.0,,,9430.0,-305705.0,,,,,6395418.0,,
2019-10-31,2019-12-11,10-Q,"Concrete Leveling Systems, Inc.",CLEV,CIK0001414382,USD,,,16836.0,,,,0.0,,125.0,,,,,700.0,433209.0,,,,0.0,,,,,,,,,,23497.0,23497.0,,,,192.0,144.0,,,192.0,144.0,,0.001,100000000.0,14027834.0,14027834.0,14027.0,50.0,,0.0,,,0.0,,,128100.0,,0.0,124900.0,,,,3200.0,-128100.0,,,,,,,,,,,245772.0,0.0,-0.21,,,2270.0,75.0,,,-20018.0,-20018.0,,0.0,,,0.0,,-8300.0,,,,575.0,,,,,,,,50.0,,258.0,718.0,,718.0,273.0,,,273.0,15139.0,,,23180.0,,,,17550.0,23497.0,,349220.0,,0.0,18561.0,,-18417.0,,-20018.0,0.0,,,,,62750.0,,,,,,19820.0,-19745.0,614595.0,,8723.0,,,-273.0,-273.0,,,,,,,,,,,,18561.0,,,17550.0,-25727.0,700.0,,,,,,-772959.0,125.0,,,2270.0,-325723.0,,,,,6395418.0,,
2020-01-31,2020-03-11,10-Q,"Concrete Leveling Systems, Inc.",CLEV,CIK0001414382,USD,,,16836.0,,,,0.0,,,,,,,700.0,433209.0,,,,0.0,,,,,,,,,,25425.0,25425.0,,,241.0,241.0,,,,,,,0.001,100000000.0,14027834.0,14027834.0,14027.0,50.0,,,,,,,,133500.0,,0.0,130300.0,,,,3200.0,-133500.0,,,,,,,,,,,253736.0,0.0,,,,,100.0,,-5709.0,-5709.0,,,0.0,,,,,,,,,,,,,,,,,,,,,,,262.0,,,,15139.0,,,23130.0,,,,4250.0,25425.0,,356857.0,,,,,,,-5709.0,,,,,,62750.0,,,,,,5547.0,-5447.0,620321.0,,8396.0,,,,-262.0,,,,,,,2054.0,,,,,,,,,-5709.0,700.0,,,,,,-778668.0,150.0,,,1297.0,-331432.0,,,,,14027834.0,,
2020-04-30,2020-06-05,10-Q,"Concrete Leveling Systems, Inc.",CLEV,CIK0001414382,USD,,,16836.0,,,,0.0,,,,,,,700.0,433209.0,,,,0.0,,,,,,,,,,25926.0,25926.0,,,385.0,385.0,,,,,,,0.001,100000000.0,14027834.0,14027834.0,14027.0,71.0,,,,,,,,135200.0,,0.0,132000.0,,,,3200.0,-135200.0,,,,,,,,,,,261509.0,0.0,,,,,229.0,,,-8353.0,,,0.0,,,,,,,,,,,,,,,,,,,,,,,255.0,,,,15139.0,,,23944.0,,,,4350.0,25926.0,,365711.0,,,,,,,-8353.0,,,,,,62750.0,,,,,,8327.0,-8098.0,628498.0,,9477.0,,,,-255.0,,,,,,,1597.0,,,,,,,,,-8353.0,700.0,,,,,,-787021.0,300.0,,,3977.0,-339785.0,,,,,6395418.0,,
2020-07-31,2020-10-29,10-K,"Concrete Leveling Systems, Inc.",CLEV,CIK0001414382,USD,,25976.0,16836.0,,,,0.0,,140.0,,,,,700.0,433209.0,,,,0.0,,,,,,,,,,26937.0,26937.0,,,,1049.0,,,,,1001.0,0.0,0.001,100000000.0,14027834.0,14027834.0,14027.0,230.0,,0.0,268834.0,,0.0,,,136500.0,,0.0,133300.0,,,,3200.0,136500.0,,,,,,,,,,,268834.0,0.0,0.21,,,,485.0,,,-40057.0,,,0.0,,0.0,0.0,,-8400.0,,675.0,,560.0,0.0,,,,,,,-1605.0,,675.0,-195.0,,,1043.0,,1043.0,1043.0,15139.0,,,24835.0,,,,30500.0,26937.0,,372699.0,,2382.0,41623.0,,-40622.0,,-40057.0,0.0,,,,,62750.0,,,,,,39499.0,-39014.0,634609.0,,9140.0,,,,-1043.0,,,,,,,913.0,,,,,41623.0,,,,,0.0,700.0,0.0,,,,-792998.0,715.0,,,8999.0,-345762.0,,,,,14027834.0,,
2020-10-31,2020-12-14,10-Q,"Concrete Leveling Systems, Inc.",CLEV,CIK0001414382,USD,,,16836.0,,,,0.0,,180.0,,,,,700.0,433209.0,,,,0.0,,,,,,,,,,25332.0,25332.0,,,,203.0,,,,,-846.0,,0.001,100000000.0,14027834.0,14027834.0,14027.0,114.0,,0.0,,,0.0,,,141300.0,,0.0,138100.0,,,,3200.0,141300.0,,,,,,,,,,,288048.0,0.0,0.21,,,,216.0,,,-22937.0,,,0.0,,0.0,0.0,,-4800.0,,2118.0,,-40.0,0.0,,,,,,,114.0,,2118.0,685.0,,,231.0,,231.0,231.0,15139.0,,,24721.0,,,,19846.0,25332.0,,394031.0,,0.0,19214.0,,-20060.0,,-22937.0,,,,,,62750.0,,,,,,22922.0,-22706.0,657546.0,,11258.0,,,,-231.0,,,,,,,228.0,,,,,19214.0,,,,,0.0,700.0,,,,,-815935.0,330.0,,,3076.0,-368699.0,10000.0,,,,14027834.0,,
2021-01-31,2021-03-15,10-Q,"Concrete Leveling Systems, Inc.",CLEV,CIK0001414382,USD,,,16836.0,,0.0725,,100.0,,0.0,,751.0,,,700.0,433209.0,,,,0.0,,,,,,,,,,26852.0,26852.0,,,,102.0,,,,,,,0.001,100000000.0,14027834.0,14027834.0,14027.0,59.0,,,,,,,,142700.0,,0.0,139500.0,,,,3200.0,142700.0,,,,,,,,,,,173955.0,0.0,,,,,86.0,,,-6949.0,,,0.0,,,,,,,,,,,,,,,,,,,,,,,981.0,,,,15890.0,,,24662.0,,,,4350.0,26852.0,,402500.0,,,,,,,-6949.0,,,,,,186967.0,,124617.0,,,,6054.0,-5968.0,664495.0,,8852.0,,,,-981.0,,,,,,,2088.0,,,,,,,,,,700.0,,0.0,,,,-822884.0,145.0,,,1704.0,-375648.0,,,,,14027834.0,,
2021-04-30,2021-06-10,10-Q,"Concrete Leveling Systems, Inc.",CLEV,CIK0001414382,USD,,,16836.0,,0.0725,,,,0.0,,3002.0,,,700.0,433209.0,,,,0.0,,,,,,,,,,26795.0,26795.0,,,,691.0,,,,,,0.0,0.001,100000000.0,14027834.0,14027834.0,14027.0,995.0,,,,,,,,144900.0,,0.0,141100.0,,,,3800.0,-144900.0,,,,,,,,,,,500.0,0.0,,,,,795.0,,,-7545.0,,,0.0,,,,,,,,,,,,,,,,,,,,,,,2470.0,,,,18141.0,,,24642.0,,,,4550.0,26795.0,,409988.0,,,,,,,-7545.0,,,,,,366042.0,,124217.0,,,,5870.0,-5075.0,672040.0,,8469.0,,,,-2470.0,,,,,,,1462.0,,,,,,,,,,,700.0,0.0,,,,-830429.0,1790.0,,,1320.0,-383193.0,,,,,14027834.0,,
2021-07-31,2021-10-29,10-K,"Concrete Leveling Systems, Inc.",CLEV,CIK0001414382,USD,,25431.0,,,,,,,295.0,,,,,700.0,433209.0,,,,0.0,,,,,,,,,,26173.0,26173.0,,,,815.0,,,,,-234.0,0.0,0.001,100000000.0,14027834.0,14027834.0,14027.0,1582.0,,0.0,184960.0,,0.0,,,146100.0,,0.0,141800.0,,,,4300.0,146100.0,,,,,,,,,,,,0.0,,,,,1523.0,,,-45815.0,,,0.0,,0.0,,,,,-545.0,,-155.0,5253.0,,,,,,,607.0,,,78.0,,,6153.0,,900.0,,20392.0,,,24228.0,,,,33096.0,26173.0,,417750.0,,0.0,40343.0,,-40577.0,,-45815.0,,,,,,186967.0,,,,,,41185.0,-39662.0,675171.0,,,,,,-6153.0,,,,,,,835.0,,,,,40343.0,,,,,0.0,700.0,,,,,-838813.0,3105.0,,,8089.0,-391577.0,,,,,14027834.0,,
2021-10-31,2021-12-14,10-Q,"Concrete Leveling Systems, Inc.",CLEV,CIK0001414382,USD,,25055.0,,,,,,,0.0,,,,,700.0,433209.0,,,,0.0,,,,,,,,,,25060.0,25060.0,,,,569.0,,,,,-246.0,,0.001,100000000.0,14027834.0,14027834.0,14027.0,51.0,,0.0,205588.0,,0.0,,,151100.0,,0.0,146300.0,,,,4800.0,151100.0,,,,,,,,,,,,0.0,,,,,124.0,,,-23617.0,,,0.0,,0.0,,,,,-376.0,,295.0,2252.0,,,,,,,-54.0,,,626.0,,,2465.0,,213.0,,22644.0,,,24282.0,,,,18850.0,25060.0,,440254.0,,0.0,20628.0,,-20874.0,,-23617.0,,,,,,186967.0,,,,,,21276.0,-21152.0,696537.0,,,,,,-2465.0,,,,,,,209.0,,,,,20628.0,,,,,0.0,700.0,,,,,-862430.0,175.0,,,2426.0,-415194.0,10000.0,,,,14027834.0,,
2022-01-31,2022-03-11,10-Q,"Concrete Leveling Systems, Inc.",CLEV,CIK0001414382,USD,,25299.0,,,,,,,0.0,,,,,700.0,433209.0,,,,0.0,,,,,,,,,,26886.0,26886.0,,,,642.0,,,,,,,0.001,100000000.0,14027834.0,14027834.0,14027.0,59.0,,,213235.0,,,,,152700.0,,0.0,147500.0,,,,5200.0,152700.0,,,,,,,,,,,,0.0,,,,,101.0,,,-8316.0,,,0.0,,,,,,,,,,,,,,,,,,,,,,,2473.0,,,,24895.0,,,24222.0,,,,4470.0,26886.0,,450396.0,,,,,,,-8316.0,,,,,,186967.0,,,,,,5944.0,-5843.0,702601.0,,,,,,-2473.0,,,,,,,2022.0,,,,,,,,,,0.0,700.0,,,,,-870746.0,160.0,,,1474.0,-423510.0,,,,,14027834.0,,
