end,filed,form,Name,Ticker,CIK,Currency,AccountsPayableAndAccruedLiabilitiesCurrent,AccountsPayableCurrent,AccruedBonusesCurrent,AccruedLiabilitiesAndOtherLiabilities,AccruedLiabilitiesCurrent,AccruedProfessionalFeesCurrent,AccumulatedOtherComprehensiveIncomeLossForeignCurrencyTranslationAdjustmentNetOfTax,AcquisitionCosts,AdditionalPaidInCapital,AdjustmentForAmortization,AdvanceRoyaltiesCurrent,AllocatedShareBasedCompensationExpense,AmortizationOfFinancingCosts,AmortizationOfIntangibleAssets,AssetImpairmentCharges,Assets,AssetsCurrent,Capital,Cash,CashAndCashEquivalentsAtCarryingValue,CashAndCashEquivalentsPeriodIncreaseDecrease,CashCashEquivalentsRestrictedCashAndRestrictedCashEquivalentsPeriodIncreaseDecreaseIncludingExchangeRateEffect,CashEquivalentsAtCarryingValue,CashPeriodIncreaseDecrease,CommonStockHeldInTrust,CommonStockParOrStatedValuePerShare,CommonStockSharesAuthorized,CommonStockSharesIssued,CommonStockSharesOutstanding,CommonStockSharesSubscriptions,CommonStockValue,ConvertibleLongTermNotesPayable,ConvertibleNotesPayable,ConvertibleNotesPayableCurrent,CostOfServices,CostsAndExpensesRelatedParty,CurrentFederalStateAndLocalTaxExpenseBenefit,CurrentFederalTaxExpenseBenefit,CurrentIncomeTaxExpenseBenefit,DebtInstrumentDecreaseForgiveness,DebtInstrumentFaceAmount,DebtInstrumentInterestRateStatedPercentage,DeferredCompensationEquity,DeferredFederalIncomeTaxExpenseBenefit,DeferredFinanceCostsOwnshareLendingArrangementIssuanceCostsAccumulatedAmortizationAdjustment,DeferredFinanceCostsOwnshareLendingArrangementIssuanceCostsAdjustment,DeferredTaxAssetsCapitalLossCarryforwards,DeferredTaxAssetsGross,DeferredTaxAssetsNet,DeferredTaxAssetsOperatingLossCarryforwards,DeferredTaxAssetsOtherLossCarryforwards,DeferredTaxAssetsValuationAllowance,DepositLiabilitiesAccruedInterest,Depreciation,DepreciationAndAmortization,DevelopmentStageEnterpriseDeficitAccumulatedDuringDevelopmentStage,DiscontinuedOperationProvisionForLossGainOnDisposalBeforeIncomeTax,DueFromRelatedPartiesCurrent,DueToRelatedPartiesCurrent,DueToRelatedPartiesCurrentAndNoncurrent,EffectiveIncomeTaxRateContinuingOperations,EffectOfExchangeRateOnCash,EffectOfExchangeRateOnCashContinuingOperations,EquityIssuancePerShareAmount,ExplorationCosts,FederalIncomeTaxExpenseBenefitContinuingOperations,FeesAndCommissionsTransferAgent,FiniteLivedIntangibleAssetsAccumulatedAmortization,FundsHeldUnderReinsuranceAgreementsAsset,GainLossOnSaleOfDebtInvestments,GainLossOnSaleOfOtherAssets,GainsLossesOnExtinguishmentOfDebt,GeneralAndAdministrativeExpense,ImpairmentOfOngoingProject,IncomeLossFromContinuingOperationsPerBasicAndDilutedShare,IncomeTaxExpenseBenefit,IncomeTaxesPaid,IncreaseDecreaseInAccountsPayable,IncreaseDecreaseInAccountsPayableAndAccruedLiabilities,IncreaseDecreaseInAccountsPayableRelatedParties,IncreaseDecreaseInAccruedInterestReceivableNet,IncreaseDecreaseInAccruedLiabilities,IncreaseDecreaseInDeferredChargesInvesting,IncreaseDecreaseInDeferredCompensation,IncreaseDecreaseInDeferredPolicyAcquisitionCosts,IncreaseDecreaseInDueFromRelatedParties,IncreaseDecreaseInDueToRelatedParties,IncreaseDecreaseInNotesPayableCurrent,IncreaseDecreaseInOtherAccountsPayableAndAccruedLiabilities,IncreaseDecreaseInPrepaidDeferredExpenseAndOtherAssets,IncreaseDecreaseInPrepaidExpense,InterestExpense,InterestExpenseOther,InterestPaid,InvestmentBankingAdvisoryBrokerageAndUnderwritingFeesAndCommissions,LegalFees,Liabilities,LiabilitiesAndStockholdersEquity,LiabilitiesCurrent,LicenseCosts,LitigationSettlementExpense,LongTermDebt,LongTermDebtNoncurrent,LongTermNotesPayable,ManagementFeePayable,MinorityInterestOwnershipPercentageByParent,NetCashProvidedByUsedInFinancingActivities,NetCashProvidedByUsedInInvestingActivities,NetCashProvidedByUsedInOperatingActivities,NetIncomeLoss,NetIncomeLossAvailableToCommonStockholdersBasic,NoninterestExpenseDirectorsFees,NotesAndLoansPayable,NotesAndLoansPayableCurrent,NotesPayable,NotesPayableCurrent,NotesPayableFairValueDisclosure,OfficersCompensation,OperatingExpenses,OperatingIncomeLoss,OperatingLossCarryforwards,OperatingLossCarryforwardsValuationAllowance,OtherAccruedLiabilitiesCurrentAndNoncurrent,OtherAssetImpairmentCharges,OtherAssets,OtherExpenses,OtherIncome,OtherNonoperatingIncomeExpense,OtherNotesPayableCurrent,PartnersCapitalAccountDeferredCompensation,PaymentOfFinancingAndStockIssuanceCosts,PaymentsForPurchaseOfOtherAssets1,PaymentsToAcquireIntangibleAssets,PaymentsToAcquireInvestments,PaymentsToAcquireOtherPropertyPlantAndEquipment,PaymentsToAcquirePropertyPlantAndEquipment,PostconfirmationDeferredFinancingCosts,PreferredStockParOrStatedValuePerShare,PreferredStockSharesAuthorized,PreferredStockSharesIssued,PreferredStockSharesOutstanding,PreferredStockValue,PrepaidExpenseCurrent,ProceedsFromContributedCapital,ProceedsFromIssuanceOfSharesUnderIncentiveAndShareBasedCompensationPlans,ProceedsFromIssuanceOrSaleOfEquity,ProceedsFromNotesPayable,ProfessionalFees,ProfitLoss,PropertyPlantAndEquipmentNetExcludingCapitalLeasedAssets,ResearchAndDevelopmentExpense,RetainedEarningsAccumulatedDeficit,Revenues,RoyaltyExpense,ShareBasedCompensation,ShareBasedCompensationArrangementByShareBasedPaymentAwardOptionsOutstandingIntrinsicValue,SharesIssuedPricePerShare,StockholdersEquity,StockIssued1,StockIssuedDuringPeriodSharesAcquisitions,StockIssuedDuringPeriodSharesIssuedForCash,StockIssuedDuringPeriodSharesIssuedForServices,StockIssuedDuringPeriodSharesTreasuryStockReissued,StockIssuedDuringPeriodValueIssuedForCash,StockIssuedDuringPeriodValueIssuedForServices,StockIssuedDuringPeriodValueNewIssues,StockIssuedDuringPeriodValueOther,StockIssuedDuringPeriodValueShareBasedCompensationForfeited,StockOptionDownRoundFeatureIncreaseDecreaseInEquityAmount,TaxCreditCarryforwardValuationAllowance,ValuationAllowanceDeferredTaxAssetChangeInAmount,WeightedAverageNumberOfShareOutstandingBasicAndDiluted,IncreaseDecreaseInAccountsReceivable,IntangibleAssetsCurrent,ProceedsFromRelatedPartyDebt,SalariesAndWages,StockIssuedDuringPeriodValueAcquisitions,ValueAddedTaxReceivable
2009-09-30,2009-12-18,10-K,"Alterola Biotech, Inc.",ABTI,CIK0001442999,USD,,,,,,,,,,,,,,,,,,,7224.0,,,,7224.0,,,,,,,,,,,,,,,,,,,,,,,,,,,,,,,,,,,,,,,,,,,,,,,,,,,,,,,,,,,,,,,,,,,,,,,,,,,,,,,,,,,,,,,-97238.0,,,,,,,,,,,,,,,,,,,,,,,,,,,,,,,,,,,,,,,,,,,,,,,,4849.0,,,,,,,,,,,,,,,,,,,,
2010-06-30,2010-08-16,10-Q,"Alterola Biotech, Inc.",ABTI,CIK0001442999,USD,,,,,,,,,,,,,,,,,,,27025.0,,,,,,,,,,,,,,,,,,,,,,,,,,,,,,,,,,,,,,,,,,,,,,,,,,,,,,19790.0,,0.0,,,,,,,,,,,,,,,,,-60.0,,,,,,,,,,,,,,,,,,,-19850.0,,,,,,,,-19790.0,,,,,,,,,-60.0,,,,,,,,,,,,,,,,,,,,,-19790.0,,,,,,,,,,,,,,,,,,,,,,,,,,,,,
2010-09-30,2011-01-13,10-K,"Alterola Biotech, Inc.",ABTI,CIK0001442999,USD,3660.0,,,,3660.0,2090.0,,,56142.0,,,,,,0.0,28228.0,528.0,,28.0,28.0,,,28.0,-7196.0,,0.001,140000000.0,92730000.0,,,92730.0,,50000.0,,9930.0,19900.0,,45000.0,0.0,,,,,-45000.0,,,84000.0,,0.0,,,90000.0,2090.0,,,,,,,,,,,,1866.0,0.0,-3456.0,,,0.0,,,11714.0,,0.0,,0.0,,,,2090.0,1286.0,,,,,,,,,-500.0,2090.0,,0.0,,38759.0,,28228.0,85750.0,,,80000.0,,,,,130000.0,11200.0,-125995.0,-128871.0,-128871.0,,,30000.0,80000.0,80000.0,,,126781.0,-126781.0,,,0.0,,,2090.0,,,,,,,,,,-5000.0,,0.001,10000000.0,0.0,,0.0,500.0,0.0,,50000.0,80000.0,,,6200.0,,-206394.0,0.0,,0.0,,,-57522.0,,,,,,,,,,,,,,107434082.0,,,,,,
2010-12-31,2013-09-06,10-Q,"Alterola Biotech, Inc.",ABTI,CIK0001442999,USD,,,,,,,,,,,,,,,21500.0,,,,,,,,0.0,-28.0,,,,,,,,,,,0.0,50000.0,,,0.0,,,,,0.0,,,,,,,,,,,,,,,,,,,,,0.0,25475.0,0.0,,,0.0,,,1028.0,,0.0,,0.0,,,,2400.0,1000.0,,,,,,,,,0.0,2400.0,,0.0,,0.0,,,,,,,,,,,50000.0,0.0,-50028.0,,-74928.0,,,,,,,,51028.0,-51028.0,,,,,,23900.0,,,,,,,,,,0.0,,,,,,,,0.0,,50000.0,0.0,,,,,,0.0,,0.0,,,,,,,,,,,,,,,,25475.0,92813333.0,,,,,,
2011-03-31,2013-09-06,10-Q,"Alterola Biotech, Inc.",ABTI,CIK0001442999,USD,,,,,,,,,,,,,,,0.0,,,,,,,,0.0,,,,,,,,,,,,0.0,0.0,,,0.0,,,,,,,,,,,,,,,,,,,,,,,,,,0.0,,0.0,,,0.0,,,1000.0,,0.0,,,,,,,,,,,,,,,,,2400.0,,,,0.0,,,,,,,,,,,,,,,-3400.0,,,,,,,,1000.0,-1000.0,,,,,,2400.0,,,,,,,,,,,,,,,,,,,,,,,,,,,0.0,,0.0,,,,,,,,,,,,,,,,,82980000.0,,,,,,
2011-06-30,2013-09-06,10-Q,"Alterola Biotech, Inc.",ABTI,CIK0001442999,USD,6660.0,,,,,,,,120892.0,,,,,,0.0,6700.0,500.0,,,,,,0.0,,,0.001,140000000.0,77980000.0,,,77980.0,,50000.0,,0.0,0.0,,,0.0,,,,,,,,115725.0,,,,,-115725.0,9290.0,,,340368.0,,,,,,,,,0.0,,0.0,,,0.0,,,1000.0,,0.0,,,,,,,,,,,,,,,,,2400.0,,,,0.0,,6700.0,95950.0,,,,,,,,,,,,-3400.0,,,30000.0,80000.0,80000.0,,,1000.0,-1000.0,,,,,,2400.0,,-2400.0,,,,,,,,,,0.001,10000000.0,0.0,,,500.0,,,,,,-1000.0,6200.0,,-288122.0,0.0,,0.0,,,-89250.0,,,,,,,,,,,,,,77980000.0,,,,,,
2011-09-30,2014-02-27,10-K,"Alterola Biotech, Inc.",ABTI,CIK0001442999,USD,,,,,16186.0,10000.0,,,132850.0,,,,,,21500.0,6200.0,0.0,,,0.0,,,0.0,-28.0,,0.001,140000000.0,77980000.0,,,77980.0,,50000.0,,0.0,50000.0,,36078.0,0.0,,,0.12,,-36078.0,,,124016.0,,0.0,,,124016.0,11690.0,,,,,,,,0.34,,,,0.0,0.0,-10956.0,,,22683.0,,,28.0,21500.0,0.0,,0.0,,,,9600.0,35209.0,,,,,,,,,500.0,9600.0,,0.0,,32561.0,,6200.0,107876.0,,,130000.0,,30000.0,,,61958.0,0.0,-61986.0,-106112.0,-106112.0,,27500.0,6000.0,80000.0,16500.0,,,97695.0,-97695.0,,365000.0,1120.0,,,8417.0,,,0.0,,,,,,,0.0,,0.001,10000000.0,0.0,,0.0,0.0,11958.0,,50000.0,0.0,,,6200.0,,-312506.0,0.0,,0.0,,,-101676.0,,,,,,,,,,,,,,84088904.0,,,,,,
2011-12-31,2014-03-05,10-Q,"Alterola Biotech, Inc.",ABTI,CIK0001442999,USD,,,,,16836.0,10000.0,,,132850.0,,,,,,0.0,6200.0,,,,0.0,,,0.0,0.0,,0.001,140000000.0,77980000.0,,,77980.0,,50000.0,,0.0,0.0,,1037.0,0.0,,,0.12,,-1037.0,,,125053.0,,0.0,,,125053.0,14090.0,,,,,,,,0.34,,,,0.0,0.0,0.0,,,0.0,,,0.0,,0.0,,0.0,,,,2400.0,650.0,,,,,,,,,0.0,2400.0,,0.0,,0.0,,6200.0,110926.0,,,80000.0,,,,,0.0,0.0,0.0,,-3050.0,,,30000.0,80000.0,,,,650.0,-650.0,,367800.0,1120.0,,,2400.0,,,,,,,,,,0.0,,0.001,10000000.0,0.0,,0.0,,0.0,,0.0,0.0,,,6200.0,,-315556.0,0.0,,0.0,,,-104726.0,,,,,,,,,,,,,1037.0,77980000.0,,,,,,
2012-03-31,2014-03-07,10-Q,"Alterola Biotech, Inc.",ABTI,CIK0001442999,USD,,,,,17486.0,10000.0,,,132850.0,,,,,,0.0,6200.0,,,,0.0,,,0.0,,,0.001,140000000.0,77980000.0,,,77980.0,,50000.0,,0.0,0.0,,,0.0,,,0.12,,,,,126090.0,,0.0,,,126090.0,16490.0,,,,,,,,,,,,0.0,,0.0,,,0.0,,,0.0,,0.0,,,,,,,,,,,,,,,,,2400.0,,,,0.0,,6200.0,113976.0,,,80000.0,,,,,,,,,-3050.0,,,30000.0,80000.0,,,,650.0,-650.0,,370850.0,1120.0,,,2400.0,,,,,,,,,,,,0.001,10000000.0,0.0,,0.0,,,,,,,,6200.0,,-318606.0,0.0,,0.0,,,-107776.0,,,,,,,,,,,,,,77980000.0,,,,,,
2012-06-30,2014-03-07,10-Q,"Alterola Biotech, Inc.",ABTI,CIK0001442999,USD,,,,,18136.0,10000.0,,,132850.0,,,,,,0.0,6200.0,,,,0.0,,,0.0,,,0.001,140000000.0,77980000.0,,,77980.0,,50000.0,,0.0,0.0,,,0.0,,,0.12,,,,,127127.0,,0.0,,,127127.0,18890.0,,,,,,,,,,,,0.0,,0.0,,,0.0,,,0.0,,0.0,,,,,,,,,,,,,,,,,2400.0,,,,0.0,,6200.0,117026.0,,,80000.0,,,,,,,,,-3050.0,,,30000.0,80000.0,,,,650.0,-650.0,,373900.0,1120.0,,,2400.0,,,,,,,,,,,,0.001,10000000.0,0.0,,0.0,,,,,,,,6200.0,,-321656.0,0.0,,0.0,,,-110826.0,,,,,,,,,,,,,,77980000.0,,,,,,
2012-09-30,2014-03-11,10-K,"Alterola Biotech, Inc.",ABTI,CIK0001442999,USD,,,,,19836.0,10000.0,,,132850.0,,,,,,0.0,6200.0,0.0,,,0.0,,,0.0,0.0,,0.001,140000000.0,77980000.0,,,77980.0,,50000.0,,0.0,0.0,,4505.0,0.0,,,0.12,,-4505.0,,,128521.0,,0.0,,,128521.0,21290.0,,,,,,,,0.34,,,,0.0,0.0,0.0,,,0.0,,,0.0,,0.0,,0.0,,,,9600.0,3650.0,,,,,,,,,0.0,9600.0,,0.0,,0.0,,6200.0,121126.0,,,80000.0,,,,,0.0,0.0,0.0,-13250.0,-13250.0,,,30000.0,80000.0,,,,3650.0,-3650.0,,378000.0,1120.0,,,9600.0,,,,,0.0,,,,,0.0,0.0,0.001,10000000.0,0.0,,0.0,0.0,0.0,,0.0,0.0,,,6200.0,,-325756.0,0.0,,0.0,,,-114926.0,,,,,,,,,,,,,,77980000.0,,,,,,
2012-12-31,2014-03-17,10-Q,"Alterola Biotech, Inc.",ABTI,CIK0001442999,USD,,,,,20486.0,10000.0,,,132850.0,,,,,,0.0,6200.0,,,,0.0,,,0.0,0.0,,0.001,140000000.0,77980000.0,,,77980.0,,50000.0,,0.0,0.0,,1037.0,0.0,,,0.12,,-1037.0,0.0,,129557.0,,0.0,,,129557.0,23690.0,,,,,,,,0.34,,,,0.0,0.0,0.0,,,0.0,,,0.0,,0.0,,0.0,,,,2400.0,650.0,,,,,,,,,0.0,2400.0,,0.0,,0.0,,6200.0,124176.0,,,80000.0,,,,,0.0,0.0,0.0,,-3050.0,,,30000.0,80000.0,,,,650.0,-650.0,,381050.0,1120.0,,,2400.0,,,,,0.0,,,,,0.0,,0.001,10000000.0,0.0,,0.0,,0.0,,0.0,0.0,,,6200.0,,-328806.0,0.0,,0.0,,,-117976.0,,,,,,,,,,,,,,77980000.0,,,,,,
2013-03-31,2014-03-17,10-Q,"Alterola Biotech, Inc.",ABTI,CIK0001442999,USD,,,,,21136.0,10000.0,,,132850.0,,,,,,0.0,6200.0,,,,0.0,,,0.0,,,0.001,140000000.0,77980000.0,,,77980.0,,50000.0,,0.0,0.0,,,0.0,,,0.12,,,,,130595.0,,0.0,,,130595.0,26090.0,,,,,,,,,,,,0.0,,0.0,,,0.0,,,0.0,,0.0,,,,,,,,,,,,,,,,,2400.0,,,,0.0,,6200.0,127226.0,,,80000.0,,,,,,,,,-3050.0,,,30000.0,80000.0,,,,650.0,-650.0,,384100.0,1120.0,,,2400.0,,,,,0.0,,,,,,,0.001,10000000.0,0.0,,0.0,,,,,,,,6200.0,,-331856.0,0.0,,0.0,,,-121026.0,,,,,,,,,,,,,,77980000.0,,,,,,
2013-06-30,2014-03-17,10-Q,"Alterola Biotech, Inc.",ABTI,CIK0001442999,USD,,,,,21786.0,10000.0,,,132850.0,,,,,,0.0,6200.0,,,,0.0,,,0.0,,,0.001,140000000.0,77980000.0,,,77980.0,,50000.0,,0.0,0.0,,,0.0,,,0.12,,,,,131631.0,,0.0,,,131631.0,28490.0,,,,,,,,,,,,0.0,,0.0,,,0.0,,,0.0,,0.0,,,,,,,,,,,,,,,,,2400.0,,,,0.0,,6200.0,130276.0,,,80000.0,,,,,,,,,-3050.0,,,30000.0,80000.0,,,,650.0,-650.0,,387150.0,1120.0,,,2400.0,,,,,,,,,,,,0.001,10000000.0,0.0,,0.0,,,,,,,,6200.0,,-334906.0,0.0,,0.0,,,-124076.0,,,,,,,,,,,,,,77980000.0,,,,,,
2013-09-30,2014-05-13,10-K,"Alterola Biotech, Inc.",ABTI,CIK0001442999,USD,,,,,23795.0,16509.0,,,132850.0,,,,-2875.0,,0.0,29152.0,22952.0,,,9327.0,,,9327.0,9327.0,,0.001,140000000.0,77980000.0,,,114980.0,,50000.0,,2500.0,0.0,,13939.0,0.0,,,0.12,,-13939.0,2875.0,,153171.0,,0.0,,,153171.0,31784.0,,,,,,,,0.34,,,,0.0,0.0,0.0,,,0.0,,,0.0,,0.0,,0.0,,,,10494.0,3959.0,,,,,,,,,-12500.0,10494.0,10494.0,0.0,,14982.0,,29152.0,179579.0,,,124000.0,,30000.0,,,40000.0,0.0,-30673.0,-72501.0,-72501.0,,27500.0,0.0,,16500.0,,,59132.0,-59132.0,,450503.0,1120.0,,,13369.0,,,,,-2875.0,,,,,0.0,1125.0,0.001,10000000.0,0.0,,0.0,12500.0,0.0,,0.0,40000.0,,,6200.0,,-398257.0,0.0,,37000.0,,,-150427.0,,,,37000000.0,37000000.0,,,,,,,,,85481370.0,,,,,,
2013-12-31,2014-05-14,10-Q,"Alterola Biotech, Inc.",ABTI,CIK0001442999,USD,,,,,17936.0,10000.0,,,132850.0,,,,1031.0,,0.0,15037.0,8837.0,,,2493.0,,,2493.0,-6834.0,,0.001,140000000.0,114980000.0,,,114980.0,,50000.0,,6250.0,0.0,,3997.0,0.0,,,0.12,,-3997.0,1031.0,,157168.0,,0.0,,,157168.0,35284.0,,,,,,,,0.34,,,,0.0,0.0,0.0,,,0.0,,,0.0,,0.0,,0.0,0.0,,,3500.0,-5859.0,,,,,,,,,6250.0,3500.0,,0.0,,325.0,,15037.0,177220.0,,,124000.0,,,,,0.0,0.0,-6834.0,,-11756.0,,27500.0,30000.0,124000.0,16500.0,,,7225.0,-7225.0,,462260.0,1120.0,0.0,,4531.0,,,,,-1031.0,,,,,0.0,94.0,0.001,10000000.0,0.0,,0.0,6250.0,0.0,,0.0,0.0,,,6200.0,0.0,-410013.0,0.0,,0.0,,,-162183.0,,,,,,,,,,,,,,114980000.0,,,,,,
2014-03-31,2014-05-20,10-Q,"Alterola Biotech, Inc.",ABTI,CIK0001442999,USD,,,,,20179.0,14593.0,,,132850.0,,,,0.0,,0.0,8200.0,2000.0,,,2000.0,,,2000.0,,,0.001,140000000.0,114980000.0,,,114980.0,,50000.0,,0.0,0.0,,,0.0,,,0.12,,,,,163500.0,,0.0,,,163500.0,38784.0,,,,,,,,,,,,0.0,,0.0,,,0.0,,,0.0,,0.0,,,,,,,,,,,,,,,,,3500.0,,,,5461.0,,8200.0,188963.0,,,130000.0,,30000.0,,,,,,,-10661.0,,27500.0,6000.0,130000.0,16500.0,,,7161.0,-7161.0,,480389.0,1120.0,,,10661.0,,,,,-1594.0,,,,,,,0.001,10000000.0,0.0,,0.0,,,,,,,,6200.0,,-428593.0,0.0,,0.0,,,-180763.0,,,,,,,,,,,,,,114980000.0,,,,,,
2014-06-30,2014-08-13,10-Q,"Alterola Biotech, Inc.",ABTI,CIK0001442999,USD,,,,,25341.0,20055.0,,,132850.0,,,,,,,6200.0,0.0,,,0.0,,,0.0,,,0.001,140000000.0,114980000.0,,,114980.0,,50000.0,,0.0,,,,0.0,,,,,,,,167110.0,,0.0,,,167110.0,42284.0,,,,,,,,,,,,,,,,,,,,,,0.0,,,,,,,,,,,,,,,,,3500.0,,,,5461.0,,6200.0,197625.0,,,130000.0,,30000.0,,,,,,,-10661.0,,27500.0,6000.0,130000.0,16500.0,,,7161.0,-7161.0,,491500.0,1120.0,,,3500.0,,,,,0.0,,,,,,0.0,0.001,10000000.0,0.0,,0.0,0.0,,,,,,,6200.0,,-439255.0,0.0,,,,,-191425.0,,,,,,,,,,,,,,114980000.0,,,,,,
2014-09-30,2015-01-13,10-K,"Alterola Biotech, Inc.",ABTI,CIK0001442999,USD,,,,,35008.0,25772.0,,,132850.0,0.0,,,,,,6200.0,0.0,,,0.0,,,0.0,-9327.0,,0.001,140000000.0,114980000.0,,,114980.0,,50000.0,,12500.0,,,18671.0,,,20000.0,0.1,,-18671.0,1125.0,,171482.0,,,,,171482.0,45784.0,,,,,,750.0,,0.34,,,,,,,,,,,,2625.0,,0.0,,0.0,,,,14000.0,11213.0,,,,,,,,,12500.0,14000.0,14000.0,0.0,,16590.0,,6200.0,211542.0,5000.0,,130000.0,,30000.0,,,6750.0,,-16077.0,-54915.0,-54915.0,,27500.0,6000.0,130000.0,16500.0,,,40915.0,-40915.0,,529420.0,1120.0,,,14000.0,,,,,,,,,,,0.0,0.001,10000000.0,0.0,,0.0,0.0,,,,6000.0,,,6200.0,,-453172.0,,0.0,,,,-205342.0,,,,,,,,,,,,,,114980000.0,,,,,,
2014-12-31,2015-02-23,10-Q,"Alterola Biotech, Inc.",ABTI,CIK0001442999,USD,,,,,33584.0,25348.0,,,132850.0,,,,0.0,,,19918.0,13718.0,,,13718.0,,,13718.0,13718.0,,0.001,140000000.0,114980000.0,,,114980.0,,50000.0,,0.0,,,2920.0,0.0,,,,,-2920.0,,0.0,174770.0,,0.0,,,174770.0,49509.0,0.0,,,0.0,,750.0,,0.34,,,,,0.0,,,,,,0.0,30.0,,0.0,,0.0,0.0,,,3725.0,-1424.0,,,,,,,,,0.0,3725.0,,0.0,,3078.0,,19918.0,233843.0,,,150000.0,,30000.0,,,20000.0,0.0,-6282.0,,-8583.0,,27500.0,6000.0,130000.0,16500.0,,,4858.0,-4858.0,,505500.0,1120.0,0.0,,3725.0,,-3725.0,20000.0,,0.0,,,,,,0.0,0.001,10000000.0,0.0,,0.0,0.0,,,,20000.0,,,6200.0,0.0,-461755.0,0.0,0.0,0.0,,,-213925.0,,,,37000000.0,,,,,,,,,,114980000.0,,,,,,
2015-03-31,2015-05-08,10-Q,"Alterola Biotech, Inc.",ABTI,CIK0001442999,USD,,,,,31634.0,25348.0,,,132850.0,,,,0.0,,,15356.0,9156.0,,,9156.0,,,9156.0,,,0.001,140000000.0,114980000.0,,,114980.0,,50000.0,,0.0,,,,0.0,,,,,,,,,,,,,,53509.0,0.0,,,,,750.0,,,,,,,,,,,,,0.0,0.0,,0.0,,,,,,,,,,,,,,,,,4000.0,,,,2111.0,,15356.0,235893.0,,,150000.0,,30000.0,,,,,,,-6611.0,,27500.0,6000.0,130000.0,16500.0,,,2611.0,-2611.0,,,1120.0,,,8808.0,,-4000.0,20000.0,,,,,,,,,0.001,10000000.0,,,,,,,,,,,6200.0,,-468367.0,0.0,,0.0,,,-220537.0,,,,,,,,,,,,,,114980000.0,,,,,,
2015-06-30,2015-08-14,10-Q,"Alterola Biotech, Inc.",ABTI,CIK0001442999,USD,,,,,32134.0,25348.0,,,132850.0,,,,,,,11049.0,4849.0,,,4849.0,,,4849.0,,,0.001,140000000.0,114980000.0,,,114980.0,,50000.0,,,,,,0.0,,,,,,,,180003.0,,0.0,,,180003.0,57509.0,,,,,,750.0,,,,,,,,,,,,,0.0,0.0,,0.0,,,,,,,,,,,,,,,,,,,,,4308.0,,11049.0,240393.0,,,150000.0,,30000.0,,,,,,,-8808.0,,27500.0,6000.0,130000.0,16500.0,,,4808.0,-4808.0,,,1120.0,,,,,-4000.0,20000.0,,,,,,,,,0.001,10000000.0,,,0.0,,,,,,,,6200.0,,-477174.0,0.0,,,,,-229344.0,,,,,,,,,,,,,,114980000.0,,,,,,
2015-09-30,2015-12-30,10-K,"Alterola Biotech, Inc.",ABTI,CIK0001442999,USD,,,,,37524.0,30174.0,,,132850.0,517.0,750.0,,517.0,517.0,,2583.0,2631.0,,,2631.0,2631.0,,2631.0,2631.0,,0.001,140000000.0,114980000.0,,,114980.0,,50000.0,,,,,12283.0,0.0,0.0,,,,-12283.0,,0.0,183765.0,,,,,183765.0,79528.0,,,,,,750.0,,0.34,,,,,,,,,,,0.0,30.0,,0.0,,0.0,,,,15725.0,2516.0,,,,,,,,,,15725.0,15725.0,0.0,,10755.0,,2583.0,266629.0,,,150000.0,,30000.0,,,20000.0,,-17369.0,-36127.0,-36127.0,,27500.0,6000.0,130000.0,16500.0,0.0,,20402.0,-20402.0,,542000.0,,,,15725.0,,-15725.0,20000.0,,,,,,,,,0.001,10000000.0,0.0,,0.0,,,,,20000.0,,,2583.0,,-511876.0,0.0,,,,,-241469.0,,,,,,,,,,,,,,114980000.0,,,,,,
2015-12-31,2016-02-05,10-Q,"Alterola Biotech, Inc.",ABTI,CIK0001442999,USD,,,,,11851.0,10001.0,,,132850.0,,,,775.0,775.0,,12960.0,8052.0,,,8052.0,5421.0,,8052.0,5421.0,,0.001,140000000.0,114980000.0,,,114980.0,,50000.0,,,,,,0.0,,,,,,,0.0,,,,,,,65653.0,775.0,,,0.0,,750.0,,,,,,,,,,,,,10173.0,275.0,,0.0,,0.0,,,,4144.0,-25673.0,,,,,,,,,,4144.0,,0.0,,3804.0,,12960.0,253254.0,,10173.0,175000.0,,30000.0,,,25000.0,0.0,-19579.0,,1175.0,,27500.0,6000.0,130000.0,16500.0,25000.0,,4854.0,-4854.0,,,,,,,,6029.0,20000.0,,,,,,,,,0.001,10000000.0,,,0.0,,,,,25000.0,,,4908.0,,-488124.0,0.0,,,,,-240294.0,,,,,,,,,,,,,,114980000.0,,,,,,
2016-03-31,2016-05-16,10-Q,"Alterola Biotech, Inc.",ABTI,CIK0001442999,USD,,,,,11851.0,7751.0,,,132850.0,,750.0,,775.0,,,6951.0,,,,2818.0,,,2818.0,,,0.001,140000000.0,114980000.0,,,114980.0,,50000.0,,,,,,0.0,,,,,,,,,,,,,,70278.0,775.0,,,,,,,,,,,,,,,,,,0.0,2043.0,,0.0,,,,,,,,,,,,,,,,,4625.0,,,,2191.0,,6951.0,257879.0,,,175000.0,,30000.0,,,,,,,-10634.0,,27500.0,6000.0,130000.0,16500.0,25000.0,,6009.0,-6009.0,,,,,,,,-4625.0,20000.0,,,,,,,,,0.001,10000000.0,,,0.0,,,,,,,,4133.0,,-498758.0,0.0,,,,,-250928.0,,,,,,,,,,,,,,114980000.0,,,,,,
2016-06-30,2018-08-06,10-Q,"Alterola Biotech, Inc.",ABTI,CIK0001442999,USD,,,,,11101.0,7751.0,,,132850.0,,750.0,,775.0,,,3358.0,,,,,,,0.0,,,,140000000.0,114980000.0,,,114980.0,,50000.0,,,,,,0.0,,,,,,,,,,,,,,74903.0,,,,,,,,,,,,,,,,,,,0.0,0.0,,0.0,,,,,,,,,,,,,,,,,4625.0,,,,1818.0,,3358.0,261754.0,,10173.0,175000.0,,30000.0,,,,,,,-7468.0,,27500.0,6000.0,130000.0,16500.0,25000.0,,2843.0,-2843.0,,,,,,,,-4625.0,20000.0,,,,,,,,,0.001,10000000.0,0.0,,0.0,,,,,,,,3358.0,,-506226.0,0.0,,,,,-258396.0,,,,,,,,,,,,,,114980000.0,,,,,,
2016-09-30,2018-08-30,10-K,"Alterola Biotech, Inc.",ABTI,CIK0001442999,USD,,,,,11351.0,7751.0,,,132850.0,,750.0,,3100.0,3100.0,,2583.0,,,,0.0,-2631.0,,0.0,,,0.001,140000000.0,114980000.0,,,114980.0,,50000.0,,,,,,0.0,10173.0,,,,,,0.0,,,,,,,79528.0,,,,,,,,,,,,,,,,,,,10173.0,2318.0,,0.0,,0.0,,,,18019.0,-26173.0,,,,,,,,,,18019.0,,0.0,,7813.0,,2583.0,266629.0,,10173.0,175000.0,,30000.0,,,25000.0,,-27631.0,-22577.0,-22577.0,,27500.0,6000.0,130000.0,16500.0,25000.0,,14731.0,-14731.0,,,,,,,,-7846.0,20000.0,,,,,,,,,0.001,10000000.0,0.0,,0.0,,,,,25000.0,,,2583.0,,-511876.0,0.0,,,,,-264046.0,,,,,,,,,,,,,,114980000.0,,,,,,
2016-12-31,2018-08-30,10-Q,"Alterola Biotech, Inc.",ABTI,CIK0001442999,USD,,,,,11822.0,7751.0,,,132850.0,,750.0,,775.0,775.0,,1808.0,,,,,0.0,,0.0,,,0.001,140000000.0,114980000.0,,,114980.0,,50000.0,,,,,,0.0,,,,,,,0.0,,,,,,,84153.0,775.0,775.0,,,,,,,,,,,,,,,,,0.0,221.0,,0.0,,0.0,,,,4625.0,471.0,,,,,,,,,,4625.0,,0.0,,0.0,,1808.0,271725.0,,,175000.0,,30000.0,,,0.0,0.0,0.0,,-5871.0,,27500.0,6000.0,130000.0,16500.0,25000.0,,1246.0,-1246.0,,,,,,,,-4625.0,20000.0,,,,,,,,,0.001,10000000.0,0.0,,0.0,,,,,0.0,,,1808.0,,-517747.0,0.0,,,,,,,,,,,,,,,,,,,114980000.0,,,,,,
2017-03-31,2018-09-06,10-Q,"Alterola Biotech, Inc.",ABTI,CIK0001442999,USD,,,,,12077.0,7977.0,,,132850.0,,750.0,,775.0,,,1033.0,,,,,,,0.0,,,0.001,,114980000.0,,,114980.0,,50000.0,,,,,,0.0,0.0,,,,,,,,,,,,,88778.0,775.0,,,,,,,,,,,,,,,,,,0.0,5.0,,0.0,,,,,,,,,,,,,,,,,4625.0,,,,0.0,,1033.0,276605.0,,,175000.0,,30000.0,,,,,,,-5655.0,,27500.0,6000.0,130000.0,16500.0,25000.0,,1030.0,-1030.0,,,,,,,,-4625.0,20000.0,,,,,,,,,,,0.0,,0.0,,,,,,,,1033.0,,-523402.0,0.0,,,,,-275572.0,,,,,,,,,,,,,,114980000.0,,,,,,
2017-06-30,2018-09-10,10-Q,"Alterola Biotech, Inc.",ABTI,CIK0001442999,USD,,,,,12442.0,8092.0,,,132850.0,,750.0,,775.0,,,258.0,,,,0.0,,,0.0,,,0.001,140000000.0,114980000.0,,,114980.0,,50000.0,,,,,,0.0,0.0,,,,,,,,,,,,,93403.0,,775.0,,,,,,,,,,,,,,,,,0.0,115.0,,0.0,,,,,,,,,,,,,,,,,4625.0,,,,0.0,,258.0,281595.0,,,175000.0,,30000.0,,,,,,,-5765.0,0.0,27500.0,6000.0,130000.0,16500.0,25000.0,,1140.0,-1140.0,,,,,,,,-4625.0,20000.0,,,,,,,,,0.001,10000000.0,0.0,,0.0,,,,,,,,258.0,,-529167.0,0.0,,0.0,,,-281337.0,,,,,,,,,,,,,,114980000.0,,,,,,
2017-09-30,2018-12-17,10-K,"Alterola Biotech, Inc.",ABTI,CIK0001442999,USD,,,0.0,,20900.0,16300.0,,,169850.0,,750.0,,2583.0,0.0,,,,,,0.0,0.0,,0.0,,,0.001,140000000.0,114980000.0,,,114980.0,,50000.0,175000.0,,,-22995.0,-22995.0,0.0,,,,,,,,,214796.0,,214796.0,,214796.0,98028.0,2583.0,,,,750.0,,,,,,,,,,27000.0,,,,,341.0,,0.0,22995.0,0.0,,,,18500.0,9549.0,,0.0,,,,,,,,18500.0,,0.0,,8208.0,294678.0,,294678.0,,,0.0,,30000.0,,,0.0,0.0,0.0,-67632.0,-67632.0,0.0,27500.0,6000.0,130000.0,175000.0,25000.0,,49132.0,-49132.0,,,,,,,,-18500.0,20000.0,,,0.0,,,,,,0.001,10000000.0,0.0,,,,,,,0.0,,,,,-579508.0,0.0,,37000.0,,,-294678.0,,,,,,,37000.0,,,0.0,37000.0,22995.0,,114980000.0,,,,,,
2017-12-31,2019-01-11,10-Q,"Alterola Biotech, Inc.",ABTI,CIK0001442999,USD,,,,,22150.0,17300.0,,,169850.0,,750.0,,,0.0,,,,,,0.0,0.0,,0.0,,,0.001,140000000.0,114980000.0,,,114980.0,,50000.0,,,,-1998.0,-1998.0,0.0,,,,,,,0.0,,,,,,,102653.0,0.0,,,,,,,,,,,,,,,,,,,0.0,,0.0,1998.0,0.0,,,0.0,4625.0,1250.0,,0.0,,,,,,,,4625.0,,0.0,,1000.0,,,300553.0,,,175000.0,,30000.0,,,0.0,0.0,0.0,,-5875.0,0.0,27500.0,6000.0,130000.0,16500.0,25000.0,,1250.0,-1250.0,,,,,,,,-4625.0,20000.0,,,0.0,,,,,,0.001,10000000.0,0.0,,,,,,,0.0,,,,,-585383.0,0.0,,0.0,,,-300553.0,,,,,,,,,,,,1998.0,,114980000.0,,,,,,
2018-03-31,2019-01-24,10-Q,"Alterola Biotech, Inc.",ABTI,CIK0001442999,USD,,,,,23405.0,18305.0,,,169850.0,,750.0,,,,,,,,,0.0,,,0.0,,,0.001,140000000.0,114980000.0,,,,,50000.0,,,,,,0.0,0.0,,,,,,,,,,,,,107278.0,0.0,,,,,,,,,,,,,,,,,,,5.0,,0.0,,,,,,,,,,,,,,,,,4625.0,,,,1000.0,,,306433.0,,,175000.0,,30000.0,,,,,,,-5880.0,,27500.0,6000.0,130000.0,16500.0,25000.0,0.0,1255.0,-1255.0,,,,,,,,-4625.0,20000.0,,,,,,,,,0.001,10000000.0,0.0,,,,,,,,,,,,-591263.0,0.0,,0.0,,,-306433.0,,,,,,,,,,,,3997.0,,114980000.0,,,,,,
2018-06-30,2020-10-07,10-Q,"Alterola Biotech, Inc.",ABTI,CIK0001442999,USD,,,30000.0,,23655.0,18305.0,,,258850.0,,,,,,,77742.0,77742.0,,,0.0,,,,,,0.001,140000000.0,115980000.0,,,115980.0,,,0.0,,,,,0.0,0.0,,,,,,,,,,,,,698.0,,0.0,,,,,,,,,,,,,27000.0,14742.0,,,,0.0,,0.0,,,,,,,,,,,,,,,,,598.0,,,,0.0,75053.0,77742.0,55103.0,,,19950.0,,,,,,,,,-57848.0,30000.0,,,,0.0,,30000.0,57250.0,-57250.0,,,,,,,,-598.0,,,,,,,,,,0.001,10000000.0,0.0,,,,,,,,,,,,-372141.0,0.0,,27000.0,63000.0,,2689.0,,,,,,,,,,,,23665.0,,114980000.0,,,,,,
2018-09-30,2020-12-14,10-K,"Alterola Biotech, Inc.",ABTI,CIK0001442999,USD,,,60000.0,,24249.0,18899.0,,,258850.0,,,,,0.0,,50742.0,50742.0,,,0.0,0.0,,,,,0.001,140000000.0,115980000.0,,,115980.0,,19950.0,0.0,,,0.0,-17896.0,0.0,282178.0,,,36000.0,,,,,260039.0,,260039.0,17896.0,260039.0,1360.0,0.0,,,,750.0,,,,,,,,,,,14742.0,,,,349.0,,0.0,17896.0,0.0,,,,10510.0,63349.0,,36000.0,,,0.0,,,,36000.0,10510.0,,0.0,,7208.0,106309.0,50742.0,86359.0,,,19950.0,19950.0,,,,0.0,0.0,-19950.0,-113067.0,-133067.0,60000.0,,,,0.0,,,122557.0,-122557.0,482643.0,,,,,,,-10510.0,,36000.0,,0.0,,,,,,0.001,10000000.0,0.0,,,36000.0,282178.0,,,19950.0,,,,,-430397.0,0.0,,54000.0,63000.0,,-55567.0,,,,1000000.0,,,90000.0,,,,,17896.0,,115617308.0,,,,,,
2018-12-31,2020-12-29,10-Q,"Alterola Biotech, Inc.",ABTI,CIK0001442999,USD,,,90000.0,,18136.0,13286.0,,,562587.0,,,,,0.0,,23742.0,23742.0,,,0.0,0.0,,,,,0.001,140000000.0,115980000.0,,,115980.0,,,0.0,,,,-17896.0,0.0,282178.0,,,9000.0,,,,,277935.0,,277935.0,,277935.0,,,,,,2250.0,,,,,,,,,,,14742.0,,0.0,,345.0,,0.0,17896.0,0.0,,,1500.0,249.0,23887.0,,0.0,,,1500.0,,,,9000.0,249.0,,0.0,,5208.0,110386.0,23742.0,110386.0,,,0.0,0.0,,,,0.0,0.0,0.0,-52636.0,-52636.0,30000.0,,,,0.0,,,52387.0,-52387.0,817457.0,,,,,,,-249.0,,,,0.0,,,,,,0.001,10000000.0,0.0,,,,21559.0,,,0.0,0.0,,,,-765211.0,0.0,,27000.0,9000.0,,-86644.0,,,,,,,,,,,,17896.0,,115980000.0,,,,,,
2019-03-31,2021-02-24,10-Q,"Alterola Biotech, Inc.",ABTI,CIK0001442999,USD,,,120000.0,,18500.0,13400.0,,,562587.0,,,,,,,14742.0,14742.0,,,0.0,,,,,,0.001,140000000.0,115980000.0,,,115980.0,,,0.0,,,,,0.0,,,,,,,,,291319.0,,291319.0,31280.0,291319.0,0.0,,,,,2250.0,,,,,,,,,,,14742.0,,0.0,,114.0,,0.0,,,,,,,,,,,,,,,,,0.0,,,,0.0,140750.0,14742.0,140750.0,,,0.0,0.0,,,,,,,,-39364.0,30000.0,,,,0.0,,30000.0,39364.0,-39364.0,856821.0,,,,,,,0.0,,,,,,,,,,0.001,10000000.0,0.0,,,,,,,,0.0,,,,-804575.0,0.0,,9000.0,9000.0,,-126008.0,,,,,,,,,,,,31280.0,,116146667.0,,,,,,
2019-06-30,2021-03-09,10-Q,"Alterola Biotech, Inc.",ABTI,CIK0001442999,USD,,,150000.0,,18750.0,,,,562587.0,,,,,,,14742.0,14742.0,156258.0,,0.0,,,,,,0.001,140000000.0,115980000.0,,,115980.0,,,0.0,,,,,0.0,,,,0.0,,,,,342511.0,,342511.0,31280.0,342511.0,0.0,,,,,2250.0,,,,,,,,,,,14742.0,,0.0,,0.0,,0.0,,,,,,,,,,,,,,,,,0.0,,,,0.0,171000.0,14742.0,171000.0,,,0.0,0.0,,,,,,,,-30250.0,30000.0,,,,0.0,,30000.0,30250.0,-30250.0,857071.0,,,,,,,0.0,,,,,,,,,,0.001,10000000.0,0.0,,,,,,,,0.0,,,,-834825.0,0.0,,0.0,,,-156258.0,,,,,,,,,,,,31280.0,,114980000.0,,,,,,
2019-09-30,2021-03-26,10-K,"Alterola Biotech, Inc.",ABTI,CIK0001442999,USD,,,180000.0,,35202.0,19602.0,,,651587.0,,,0.0,,0.0,,14742.0,14742.0,202710.0,,0.0,0.0,,,,,0.001,140000000.0,116980000.0,,,116980.0,,0.0,0.0,,,0.0,-82472.0,0.0,282178.0,,,0.0,,,,,342511.0,,342511.0,82472.0,342511.0,0.0,,,,,2250.0,,2250.0,,,,,,,,,14742.0,,,,523.0,,0.0,82472.0,0.0,,,,249.0,130953.0,,,,0.0,1500.0,,,,0.0,249.0,,0.0,,930.0,217452.0,14742.0,217452.0,,,0.0,0.0,,,,0.0,0.0,0.0,-258702.0,-258702.0,120000.0,,,,0.0,,,258453.0,-258453.0,1007385.0,,,,,,,-249.0,,0.0,,0.0,,,,,,0.001,10000000.0,0.0,,,,21559.0,,,0.0,126000.0,,,,-971277.0,0.0,,126000.0,63000.0,,-202710.0,,,,1000000.0,,,0.0,,,,,82472.0,,116563333.0,,,,,,
2019-12-31,2021-04-02,10-Q,"Alterola Biotech, Inc.",ABTI,CIK0001442999,USD,,,210000.0,,35460.0,19610.0,,,651587.0,,,,,0.0,,19307.0,19307.0,,,0.0,0.0,,,,,0.001,140000000.0,116980000.0,,,116980.0,,,,,,0.0,-5396.0,0.0,,,,,,,,,342511.0,,342511.0,5396.0,342511.0,,,,,,2250.0,,,,,,,,,,,19307.0,,79000.0,,4443.0,,0.0,5396.0,0.0,,,,0.0,30258.0,,0.0,,,0.0,,,,,,,0.0,,0.0,247710.0,19307.0,247710.0,,,,,,90000.0,,0.0,0.0,0.0,-25693.0,-25693.0,30000.0,,,,,,,104693.0,-104693.0,1049210.0,,,,,,,79000.0,,,,0.0,,,,,,0.001,10000000.0,0.0,,,,,,,0.0,60000.0,,,,-996970.0,0.0,,0.0,63000.0,,-228403.0,,,,,,,0.0,,,,,5396.0,,116980000.0,,,,,,
2020-03-31,2021-05-13,10-Q,"Alterola Biotech, Inc.",ABTI,CIK0001442999,USD,,,240000.0,,39235.0,19635.0,,,651587.0,,,,,,,15274.0,15274.0,266211.0,,0.0,,,,,,0.001,140000000.0,116980000.0,,,116980.0,,,,,,,,0.0,,,,,,,,,362911.0,,362911.0,20400.0,362911.0,,,,,,,,2250.0,,,,,,,,,15274.0,,0.0,,10.0,,0.0,,,,,,,,,,,,,,,,,0.0,,,,0.0,281485.0,15274.0,281485.0,,,,,,240000.0,,,,,,-33760.0,30000.0,,,,,,,33760.0,-33760.0,1067386.0,,,,,,,0.0,,,,,,,,,,0.001,10000000.0,0.0,,,,,,,,0.0,,,,-1034778.0,0.0,,0.0,63000.0,,-266211.0,,,,,,,,,,,,20400.0,,116980000.0,,,,,,
2020-06-30,2021-05-14,10-Q,"Alterola Biotech, Inc.",ABTI,CIK0001442999,USD,,,270000.0,,35995.0,19645.0,,,651587.0,,,,,,,15274.0,15274.0,292971.0,,0.0,,,,,,0.001,140000000.0,116980000.0,,,116980.0,,,,,,,,0.0,,,,,,,,,369522.0,,369522.0,30689.0,369522.0,,,,,,,,2250.0,,,,,,,,,15274.0,,0.0,,0.0,,0.0,,,,,,,,,,,,,,,,,0.0,,,,0.0,308245.0,15274.0,308245.0,,,,,,270000.0,,,,,,-30250.0,30000.0,,,,,,,30250.0,-30250.0,1086829.0,,,,,,,0.0,,,,,,,,,,0.001,10000000.0,0.0,,,,,,,,0.0,,,,-1061538.0,0.0,,0.0,63000.0,,-292971.0,,,,,,,,,,,,30689.0,,116980000.0,,,,,,
2020-09-30,2021-05-20,10-K,"Alterola Biotech, Inc.",ABTI,CIK0001442999,USD,,,300000.0,,36244.0,19644.0,,,768587.0,,,0.0,,0.0,,15273.0,15273.0,323221.0,,0.0,0.0,,,,,0.001,140000000.0,129980000.0,,,129980.0,,,,,,,-82472.0,,,,,,,,,,433172.0,,433172.0,82472.0,433172.0,,,,,,,,2250.0,,,,,,,,,15273.0,,79000.0,,4477.0,,0.0,82472.0,0.0,,,,0.0,121042.0,,,,0.0,0.0,,,,,,,0.0,60000.0,4034.0,338494.0,15273.0,338494.0,,,,,,300000.0,,0.0,0.0,0.0,-250511.0,-250511.0,120000.0,,,,,,,329511.0,-329511.0,1274034.0,,,,,,79000.0,79000.0,,,,0.0,,,,,,0.001,10000000.0,0.0,,,,,,,0.0,130000.0,,,,-1221788.0,,,130000.0,63000.0,,-323221.0,,,,,,,130000.0,,,,,82472.0,,118063333.0,,,,,,
2020-12-31,2021-05-28,10-Q,"Alterola Biotech, Inc.",ABTI,CIK0001442999,USD,,,330000.0,,36244.0,19644.0,,,797387.0,,,,,0.0,,15273.0,15273.0,353221.0,,0.0,0.0,,,,,0.001,140000000.0,133180000.0,,,133180.0,,,,,,0.0,-21080.0,,,,,,,,,,454252.0,,454252.0,21080.0,454252.0,,,,,,,,2250.0,,,,,,,,,15273.0,,,,,,0.0,21080.0,0.0,,,,,30000.0,,,,,,,,,,,,0.0,,,368494.0,15273.0,368494.0,,,,,,330000.0,,0.0,0.0,0.0,-62000.0,-62000.0,30000.0,,,,,,,62000.0,-62000.0,1336034.0,,,,,,79000.0,,,,,0.0,,,,,,0.001,10000000.0,0.0,,,,,,,0.0,,,,,-1283788.0,,,32000.0,63000.0,,-353221.0,,,,3200000.0,,,32000.0,,,,,21080.0,,131380000.0,,,,,,
2021-06-30,2021-08-19,10-Q,"Alterola Biotech, Inc.",ABTI,CIK0001442999,USD,,337281.0,,330000.0,164346.0,,160.0,,,,,,,,,15227.0,15227.0,894733.0,387.0,387.0,,-132.0,,,,0.001,2000000000.0,754280000.0,754280000.0,,754280.0,,,,,,,,,,,,,,,,,,,,,,,,,,,,,79096.0,,-160.0,14183.0,,,,,,12773.0,,,,5158.0,,0.0,,,240151.0,,,,144590.0,,,,746.0,,,-232832.0,-2067.0,,,,,,719.0,910723.0,15227.0,910723.0,,,,,,330000.0,,746.0,0.0,-718.0,-150560.0,,,,,,,,,150560.0,-150560.0,,,,,,,,,,,,,,,,,,0.001,10000000.0,0.0,0.0,,2067.0,,,,,,,,136291.0,-1649936.0,,,,,,-895496.0,,,,,,,,,,,,,,754280000.0,,,,,,
2021-09-30,2021-11-15,10-Q,"Alterola Biotech, Inc.",ABTI,CIK0001442999,USD,,449494.0,,330000.0,214950.0,,-11783.0,,137347.0,,,,,,,224375.0,189629.0,,175757.0,175757.0,,,,,,,2000000000.0,754560000.0,754560000.0,,754560.0,171863.0,,,,,,,,,,,,,,,,,,,,,,,,,,,,89958.0,,,,,,,,,12773.0,,,,-518.0,,0.0,,,,,,,,,,,,,,,,,,,,,10295.0,1256265.0,224375.0,1084402.0,,,,,,,,,,,-262078.0,,13874.0,,,,,,,262078.0,-262078.0,,,,,34746.0,,,,,,,,,,,,,0.001,10000000.0,0.0,0.0,,1099.0,,,,,93650.0,,,124034.0,-1912014.0,,,,,,-1031890.0,,,,,,,,,,,,,,754280000.0,,,,,,
2021-12-31,2022-03-01,10-Q,"Alterola Biotech, Inc.",ABTI,CIK0001442999,USD,,574703.0,,330000.0,211750.0,,-3704.0,,14633951.0,,,,,,,12090705.0,90705.0,1127106.0,40109.0,40109.0,,,,,,0.001,2000000000.0,786300000.0,786300000.0,,786300.0,,,,,,,,,,,,,,,,,,,,,,,,,,,,,101358.0,,,,,,,,,12773.0,,,,50139.0,,0.0,,,,,,,,,,,,,,,,,,,,,17040.0,1386849.0,12090705.0,1217811.0,,,,,,330000.0,,,,,-2800677.0,,64713.0,,,,,,,2800677.0,-2800677.0,,,,,,,,,,,,,,,,,,0.001,10000000.0,0.0,0.0,,2021.0,,,,,2452313.0,,,61999.0,-4712691.0,,,,,,10703856.0,,,,,,,,,,,,,,771132239.0,,12000000.0,,91083.0,,35802.0
