end,filed,form,Name,Ticker,CIK,Currency,AccountsPayableAndAccruedLiabilitiesCurrent,AccountsPayableCurrent,AccountsPayableRelatedPartiesCurrent,AccountsReceivableNetCurrent,AccountsReceivableSale,AccruedLiabilitiesAndOtherLiabilities,AccruedProfessionalFeesCurrent,AccumulatedOtherComprehensiveIncomeLossNetOfTax,AdditionalPaidInCapital,Assets,AssetsCurrent,AssetsNoncurrent,CashAndCashEquivalentsAtCarryingValue,CashAndCashEquivalentsPeriodIncreaseDecrease,CashEquivalentsAtCarryingValue,CommonStockParOrStatedValuePerShare,CommonStockSharesAuthorized,CommonStockSharesIssued,CommonStockSharesOutstanding,CommonStockValue,ContractWithCustomerLiabilityCurrent,CostOfRevenue,CostsAndExpensesRelatedParty,CurrentIncomeTaxExpenseBenefit,CustomerDepositsCurrent,DebtInstrumentDecreaseForgiveness,DeferredTaxAssetsNet,DeferredTaxAssetsOperatingLossCarryforwards,DeferredTaxAssetsValuationAllowance,DepreciationAndAmortization,DueFromRelatedParties,DueToAffiliateCurrentAndNoncurrent,DueToOfficersOrStockholdersCurrent,DueToRelatedPartiesCurrent,EarningsPerShareBasicAndDiluted,EffectiveIncomeTaxRateContinuingOperations,EffectOfExchangeRateOnCashAndCashEquivalents,ExcessStockSharesAuthorized,ExcessStockSharesIssued,ForeignCurrencyTransactionGainBeforeTax,GeneralAndAdministrativeExpense,GrossProfit,IncomeLossFromContinuingOperations,IncomeLossFromContinuingOperationsBeforeIncomeTaxesDomestic,IncomeLossFromContinuingOperationsBeforeIncomeTaxesExtraordinaryItemsNoncontrollingInterest,IncomeTaxExpenseBenefit,IncomeTaxesPaid,IncomeTaxesPaidNet,IncreaseDecreaseInAccountsAndOtherReceivables,IncreaseDecreaseInAccountsPayable,IncreaseDecreaseInAccruedIncomeTaxesPayable,IncreaseDecreaseInAccruedLiabilities,IncreaseDecreaseInAccruedSalaries,IncreaseDecreaseInCustomerDeposits,IncreaseDecreaseInDeferredRevenue,IncreaseDecreaseInDueToRelatedParties,IncreaseDecreaseInInventories,IncreaseDecreaseInOtherReceivables,IncreaseDecreaseInPrepaidExpense,IncreaseDecreaseInReceivables,InterestExpenseRelatedParty,InterestPaid,InventoryNet,InvestmentIncomeInterest,LaborAndRelatedExpense,Liabilities,LiabilitiesAndStockholdersEquity,LiabilitiesCurrent,LoansAndLeasesReceivableRelatedPartiesAdditions,NetCashProvidedByUsedInFinancingActivities,NetCashProvidedByUsedInInvestingActivities,NetCashProvidedByUsedInOperatingActivities,NetCashProvidedByUsedInOperatingActivitiesContinuingOperations,NetIncomeLoss,NetIncomeLossIncludingPortionAttributableToNonredeemableNoncontrollingInterest,OperatingExpenses,OperatingIncomeLoss,OtherAssetsNoncurrent,OtherComprehensiveIncomeDefinedBenefitPlansNetUnamortizedGainLossArisingDuringPeriodNetOfTax,OtherComprehensiveIncomeForeignCurrencyTransactionAndTranslationAdjustmentNetOfTaxPortionAttributableToParent,OtherComprehensiveIncomeLossNetOfTaxPortionAttributableToParent,OtherGeneralExpense,OtherReceivables,PaymentsToAcquirePropertyPlantAndEquipment,PaymentsToFundLongtermLoansToRelatedParties,PrepaidExpenseCurrent,PrepaidExpenseNoncurrent,ProceedsFromIssuanceOfCommonStock,ProceedsFromIssuanceOfDebt,ProceedsFromOtherDebt,ProceedsFromRelatedPartyDebt,ProfessionalFees,ProfitLoss,PropertyPlantAndEquipmentNet,RepaymentsOfRelatedPartyDebt,RetainedEarningsAccumulatedDeficit,Revenues,SaleOfStockPricePerShare,SharesIssued,StockholdersEquity,StockholdersEquityIncludingPortionAttributableToNoncontrollingInterest,StockIssued1,StockIssuedDuringPeriodSharesEmployeeStockPurchasePlans,StockIssuedDuringPeriodSharesNewIssues,StockIssuedDuringPeriodValueConversionOfConvertibleSecuritiesNetOfAdjustments,StockIssuedDuringPeriodValueNewIssues,TaxAdjustmentsSettlementsAndUnusualProvisions,TaxesPayableCurrent,UnrecognizedTaxBenefits,WeightedAverageNumberOfShareOutstandingBasicAndDiluted
2019-06-30,2019-08-06,10-Q,FHT FUTURE TECHNOLOGY LTD,FHTF,CIK0001764443,USD,,,,,,,,,0.0,1214.0,1214.0,,1214.0,-18.0,,0.001,75000000.0,3500000.0,3500000.0,3500.0,,,,729.0,,0.0,0.0,961.0,961.0,,,,,2290.0,0.0,,,,,,3470.0,,,,-3470.0,0.0,,0.0,,,,,,,,,,,2750.0,,,0.0,,,,2290.0,1214.0,2290.0,,702.0,,-720.0,702.0,-3470.0,-3470.0,3470.0,-3470.0,,,,,18.0,,,,0.0,,0.0,,,702.0,,-3470.0,,,-4576.0,0.0,,3500000.0,-1076.0,-1076.0,,,,,,-729.0,,0.0,3500000.0
2019-09-30,2019-11-08,10-Q,FHT FUTURE TECHNOLOGY LTD,FHTF,CIK0001764443,USD,,,,,,,,,28500.0,3008.0,3008.0,,3008.0,,,0.001,75000000.0,5000000.0,5000000.0,5000.0,,,,7599.0,,,0.0,7599.0,7599.0,,,,,5695.0,0.0,,,,,0.0,31611.0,,-31611.0,,-31611.0,0.0,,,,,,,,,,,,,,,,,,,30000.0,5695.0,3008.0,5695.0,,,,,,-31611.0,-31611.0,31611.0,31611.0,,-31611.0,,-31611.0,36.0,,,,0.0,,,,,,,,,,-36187.0,0.0,0.02,,-2687.0,-2687.0,30000.0,,1500000.0,,30000.0,-7599.0,,0.0,31000000.0
2019-12-31,2020-02-12,10-Q,FHT FUTURE TECHNOLOGY LTD,FHTF,CIK0001764443,USD,,,,,,,,,28500.0,13.0,13.0,,13.0,,,0.001,75000000.0,5000000.0,5000000.0,5000.0,,0.0,,17578.0,,,0.0,17810.0,17810.0,,,,,51325.0,-0.01,,,,,0.0,48625.0,0.0,,-48625.0,-48625.0,0.0,,,,,,,,,,,,,,,,,,,30000.0,51325.0,13.0,51325.0,,,,,,-48625.0,-48625.0,48625.0,-48625.0,,,,-48625.0,250.0,,,,0.0,,,,,,,,,,-84812.0,0.0,,,-51312.0,-51312.0,33500.0,,5000000.0,,,-17578.0,,0.0,5000000.0
2020-03-31,2020-04-29,10-K,FHT FUTURE TECHNOLOGY LTD,FHTF,CIK0001764443,USD,0.0,0.0,0.0,0.0,,0.0,0.0,0.0,28500.0,5306.0,5306.0,0.0,5306.0,4074.0,5306.0,0.001,375000000.0,31000000.0,31000000.0,31000.0,0.0,,,24430.0,0.0,,0.0,24662.0,24662.0,,0.0,59500.0,0.0,63245.0,0.0,,,,,,20727.0,,,,-116334.0,0.0,,0.0,,,,,60000.0,,,,,,-2750.0,,,0.0,0.0,0.0,90000.0,63245.0,5306.0,63245.0,,57658.0,,-53584.0,,-116334.0,-116334.0,116334.0,-116334.0,0.0,,,,357.0,0.0,,,0.0,0.0,56000.0,,,1658.0,5250.0,-116334.0,0.0,,-117439.0,0.0,,,-57939.0,-57939.0,,,,26000.0,30000.0,-24430.0,0.0,0.0,5591667.0
2020-06-30,2020-12-02,10-Q,FHT FUTURE TECHNOLOGY LTD,FHTF,CIK0001764443,USD,,,0.0,,,,,,89445.0,6.0,6.0,,6.0,-5300.0,,0.001,375000000.0,31000000.0,31000000.0,31000.0,,,,,,60945.0,,,,,,,,,0.0,,,,,,3000.0,,,,-3000.0,0.0,,0.0,,,,,,,,,,,0.0,,,0.0,,,,0.0,6.0,0.0,,,,-3000.0,-2300.0,-3000.0,,3000.0,-3000.0,,,,,,,,,0.0,,,,,-63245.0,,,,,-120439.0,0.0,,,6.0,,,,,,,,,,31000000.0
2020-09-30,2020-12-16,10-Q,FHT FUTURE TECHNOLOGY LTD,FHTF,CIK0001764443,USD,27494.0,1708736.0,1193.0,,,12585.0,3000.0,8293.0,89445.0,2266140.0,2263833.0,2307.0,10399.0,,10399.0,0.001,375000000.0,318400000.0,318400000.0,318400.0,280965.0,,,,246051.0,,,,,,,0.0,296245.0,1193.0,0.0,,,,,8293.0,33038.0,,-33038.0,,-33038.0,0.0,,,,,,,,,,,,,,,,,2238149.0,,,2003479.0,2266140.0,2003479.0,,,,,,-33038.0,,33038.0,-36850.0,2307.0,-33038.0,8293.0,-24745.0,,271.0,,,15014.0,,,,,,,,2307.0,,-153477.0,0.0,,,262661.0,,,,,,287400.0,,,,72189350.0
2020-12-31,2021-07-22,10-Q,FHT FUTURE TECHNOLOGY LTD,FHTF,CIK0001764443,USD,,1630815.0,,889516.0,,94100.0,,25074.0,89445.0,2241018.0,2237831.0,3187.0,10662.0,,10662.0,0.001,375000000.0,324500000.0,324500000.0,324500.0,25101.0,1207073.0,,,,,,,,,130634.0,,,21766.0,0.0,,,,,16781.0,180009.0,363476.0,,183467.0,,24337.0,,,,,,,,,,,,,,6000.0,,,1079862.0,,,1796346.0,2241018.0,1796346.0,,,,,,159130.0,,,183467.0,,,16781.0,175911.0,,6864.0,,,104210.0,16083.0,100.0,,,,,159130.0,3187.0,,5653.0,1570549.0,,,444672.0,,,,,,6100.0,,24564.0,,323704348.0
