end,filed,form,Name,Ticker,CIK,Currency,AccountsPayable,AccountsPayableAndAccruedLiabilitiesCurrent,AccountsPayableCurrent,AccountsPayableOtherCurrent,AccountsPayableRelatedParties,AccountsPayableRelatedPartiesCurrent,AccountsPayableRelatedPartiesCurrentAndNoncurrent,AccountsReceivableGrossCurrent,AccountsReceivableNetCurrent,AccruedLiabilities,AccruedLiabilitiesCurrent,AdditionalPaidInCapital,AdjustmentsToAdditionalPaidInCapitalOther,AllowanceForDoubtfulAccountsReceivableCurrent,AmortizationOfIntangibleAssets,Assets,AssetsCurrent,AuctionMarketPreferredSecuritiesStockSeriesLiquidationValue,BorrowedFunds,CashAndCashEquivalentsAtCarryingValue,CashAndCashEquivalentsPeriodIncreaseDecrease,ClassOfWarrantOrRightOutstanding,CommonStockParOrStatedValuePerShare,CommonStockSharesAuthorized,CommonStockSharesIssued,CommonStockSharesOutstanding,CommonStockValue,CommonStockValueOutstanding,ConvertiblePreferredStockSharesIssuedUponConversion,CostOfServices,CostsAndExpenses,DebtConversionConvertedInstrumentAmount1,DebtConversionOriginalDebtAmount1,DebtInstrumentFaceAmount,DebtInstrumentIncreaseAccruedInterest,DebtInstrumentInterestRateDuringPeriod,DebtInstrumentInterestRateStatedPercentage,DebtRelatedCommitmentFeesAndDebtIssuanceCosts,DeferredRevenue,DeferredRevenueAdditions,DeferredRevenueCurrent,DeferredTaxAssetsNet,DeferredTaxAssetsOperatingLossCarryforwards,DeferredTaxAssetsValuationAllowance,DerivativeLiabilities,DerivativeLiabilityFairValueNet,DerivativeLiabilityFairValueNet1,DueToRelatedPartiesCurrent,EarningsPerShareBasicAndDiluted,EffectiveIncomeTaxRateReconciliationAtFederalStatutoryIncomeTaxRate,EffectiveIncomeTaxRateReconciliationDeductions,EmbeddedDerivativeGainLossOnEmbeddedDerivativeNet,EmbeddedDerivativeLossOnEmbeddedDerivative,EquityMethodInvestmentOwnershipPercentage,FiniteLivedIntangibleAssetsGross,FiniteLivedIntangibleAssetsNet,FreshStartAdjustmentIncreaseDecreaseAdditionalPaidInCapital,FreshStartAdjustmentIncreaseDecreaseCurrentLiabilities,GainLossOnDispositionOfIntangibleAssets,GainLossOnSaleOfDerivatives,GrossProfit,HeldtomaturitySecuritiesInUnrealizedLossPositionsQualitativeDisclosureOtherFairValueVolatilityRate,IncomeLossFromContinuingOperations,IncomeLossFromContinuingOperationsPerBasicShare,IncomeTaxesPaid,IncreaseDecreaseInAccountsAndOtherReceivables,IncreaseDecreaseInAccountsPayable,IncreaseDecreaseInAccountsPayableAndAccruedLiabilities,IncreaseDecreaseInAccountsPayableAndOtherOperatingLiabilities,IncreaseDecreaseInAccountsPayableRelatedParties,IncreaseDecreaseInAccountsReceivable,IncreaseDecreaseInAccruedLiabilities,IncreaseDecreaseInDueToRelatedParties,IncreaseDecreaseInOtherLoans,IncreaseDecreaseInPrepaidDeferredExpenseAndOtherAssets,InterestExpense,InterestExpenseDebt,InterestExpenseRelatedParty,InterestPaidNet,InterestPayableCurrent,LeaseAndRentalExpense,LiabilitiesAndStockholdersEquity,LiabilitiesCurrent,LineOfCreditFacilityMaximumBorrowingCapacity,LitigationSettlementGross,NetCashProvidedByUsedInFinancingActivities,NetCashProvidedByUsedInOperatingActivities,NetIncomeLoss,NonoperatingIncomeExpense,NotesPayableCurrent,NotesPayableRelatedPartiesClassifiedCurrent,NotesPayableRelatedPartiesCurrent,NotesPayableRelatedPartiesCurrentAndNoncurrent,OfficersCompensation,OperatingIncomeLoss,OperatingLeasesRentExpenseMinimumRentals,OperatingLeasesRentExpenseNet,OperatingLeasesRentExpenseSubleaseRentals1,OperatingLossCarryforwards,OtherAccruedLiabilitiesCurrent,OtherExpenses,OtherGeneralAndAdministrativeExpense,OtherPrepaidExpenseCurrent,PreferredStockAdditionalSeriesNoParValue,PreferredStockAdditionalSeriesSharesIssued,PreferredStockAdditionalSeriesSharesOutstanding,PreferredStockDividendsAndOtherAdjustments,PreferredStockParOrStatedValuePerShare,PreferredStockSharesAuthorized,PreferredStockSharesIssued,PreferredStockSharesOutstanding,PreferredStockValue,PreferredStockValueOutstanding,PrepaidExpenseAndOtherAssetsCurrent,ProceedsFromLongTermLinesOfCredit,ProceedsFromSaleOfIntangibleAssets,ProceedsFromSecuredLinesOfCredit,ProceedsFromSecuredNotesPayable,ProfitLoss,ReceivablesNetCurrent,RelatedPartyTransactionAmountsOfTransaction,RetainedEarningsAccumulatedDeficit,Revenues,SellingGeneralAndAdministrativeExpense,ShareBasedCompensationArrangementByShareBasedPaymentAwardNonOptionEquityInstrumentsForfeituresAndExpirations,ShareBasedCompensationArrangementByShareBasedPaymentAwardOptionsExercisableNumber,ShareBasedCompensationArrangementByShareBasedPaymentAwardOptionsForfeituresAndExpirationsInPeriod,ShareBasedCompensationArrangementByShareBasedPaymentAwardOptionsForfeituresInPeriod,ShareBasedCompensationArrangementByShareBasedPaymentAwardOptionsOutstandingNumber,ShareBasedCompensationArrangementByShareBasedPaymentAwardOptionsOutstandingWeightedAverageExercisePrice,ShareBasedCompensationArrangementByShareBasedPaymentAwardOptionsVestedAndExpectedToVestOutstandingNumber,ShareBasedCompensationArrangementByShareBasedPaymentAwardOptionsVestedAndExpectedToVestOutstandingWeightedAverageExercisePrice,ShareBasedCompensationArrangementsByShareBasedPaymentAwardOptionsForfeituresInPeriodWeightedAverageExercisePrice,ShareBasedGoodsAndNonemployeeServicesTransactionValuationMethodRiskFreeInterestRate,SharesIssued,StockholdersEquity,StockholdersEquityPeriodIncreaseDecrease,StockIssued1,StockIssuedDuringPeriodSharesStockOptionsExercised,StockIssuedDuringPeriodValueIssuedForNoncashConsiderations,TaxCreditCarryforwardValuationAllowance,TradingGainsLosses,UnrecognizedTaxBenefitsResultingInNetOperatingLossCarryforward,ValuationAllowanceAmount,ValuationAllowanceDeferredTaxAssetChangeInAmount,WeightedAverageNumberOfDilutedSharesOutstanding,WeightedAverageNumberOfShareOutstandingBasicAndDiluted,WeightedAverageNumberOfSharesOutstandingBasic
2008-03-31,2008-05-07,10-Q,"LOGICQUEST TECHNOLOGY, INC.",LOGQ,CIK0000768216,USD,,,,,,,,,,,,,,,,,,,,,,,,,,,,,,,,,,,,,,,,,,,,,,,,,,,,,,,,,,,,,,,,,,,,,,,,,,,,,,,,,,,,,,,,,,,,,,,,,,,,,,,,,,,,,,,,,,,,,,,,,,,,,,3750.0,,,,0.25,3750.0,,,,,,,,,,,,,,,,,
2008-06-30,2008-07-30,10-Q,"LOGICQUEST TECHNOLOGY, INC.",LOGQ,CIK0000768216,USD,,,,,,,,,,,,,,,,,,,,,,,,,,,,,,,,,,,,,,,,,,,,,,,,,,,,,,,,,,,,,,,,,,,,,,,,,,,,,,,,,,,,,,,,,,,,,,,,,,,,,,,,,,,,,,,,,,,,,,,,,,,,,,2917.0,,,,0.25,2917.0,,,,,,,,,,,,,,,,,
2008-09-30,2008-10-23,10-Q,"LOGICQUEST TECHNOLOGY, INC.",LOGQ,CIK0000768216,USD,,,,,,,,,,,,,,,,,,,,,,,,,,,,,,,,,,,,,,,,,,,,,,,,,,,,,,,,,,,,,,,,,,,,,,,,,,,,,,,,,,,,,,,,,,,,,,,,,,,,,,,,,,,,,,,,,,,,,,,,,,,,,,417.0,,,,0.25,417.0,,,,,,,,,,,,,,,,,
2008-12-31,2009-04-13,10-K,"LOGICQUEST TECHNOLOGY, INC.",LOGQ,CIK0000768216,USD,,,,,,,,,,,,,,,,,,,,,,,,,,,,,,,,,,,,,,,,,,,,,,,,,,,,,,,,,,,,,,,,,,,,,,,,,,,,,,,,,,,,,,,,,,,,,,,,,,,,,,,,,,,,,,,,,,,,,,,,,,,,,,413.0,,,,0.25,413.0,,,,,,,,,,,,,,,,,
2009-12-31,2010-03-15,10-K,"LOGICQUEST TECHNOLOGY, INC.",LOGQ,CIK0000768216,USD,,,,,,,,,,,,,,,,,,,,27084.0,,,,,,,,,,,,,,,,,,,,,,,,,,,,,,,,,,,,,,,,,,,,,,,,,,,,,,,,,,,,,,,,,,,,,,,,,,,,,,,,,,,,,,,,,,,,,,,,,,,,,,,,,,,,,,,,,,,-1323355.0,,,,,,,,,,,,,
2010-06-30,2010-07-26,10-Q,"LOGICQUEST TECHNOLOGY, INC.",LOGQ,CIK0000768216,USD,,,,,,,,,,,,,,,,,,,,30234.0,,,,,,,,,,40335.0,,,,,,,,,,,,,,,,,,,,,,,,,,,,,,156000.0,30674.0,,-30981.0,0.0,,,,,,,,,,,,-45644.0,,,,,,,,,,,,,,,,,,,,,,,,,,,,,,,,,,,,,,,,,,,79375.0,,,,71009.0,61655.0,,,,,,,,,,,,,,,,,,,,,,,,26033565.0
2010-09-30,2010-11-08,10-Q,"LOGICQUEST TECHNOLOGY, INC.",LOGQ,CIK0000768216,USD,,,,,,,,,,,,,,,,,,,,8991.0,,,,,,,,,,38097.0,,,,,,,,,,,,,,,,,,,,,,,,,,,,,,3000.0,31093.0,,-51380.0,0.0,,,,,,,,,,,,,,,,,,,,,,,,,,,,,,,,,,,,,,,,,,,,,,,,,,,,,,,-48380.0,,,,69190.0,82473.0,,,,,,,,,,,,,,,,,,,,,,,,
2010-12-31,2011-03-14,10-K,"LOGICQUEST TECHNOLOGY, INC.",LOGQ,CIK0000768216,USD,20969.0,,20969.0,,139092.0,,139092.0,,5361.0,52918.0,52918.0,22160286.0,,,,,32436.0,600000.0,,10213.0,-16871.0,16241133.0,0.001,50000000.0,26033565.0,,,26034.0,,161768.0,24202.0,84740.0,,,,,,,11207.0,-935.0,,,,,22000.0,,,70481.0,,,,,,,,,,,,3000.0,121451.0,,-164130.0,-0.01,,,,-3842.0,,43328.0,87108.0,,81884.0,,,84486.0,,,0.0,,,32436.0,1516667.0,,,0.0,-16871.0,-245616.0,,,,1200000.0,1200000.0,,,,,,,,,,16862.0,0.001,48.0,10.0,84740.0,0.001,,,48.0,0.0,,,,,,,-245616.0,5361.0,0.0,-23670551.0,283219.0,285581.0,,,,,6905433.0,0.29,,,,,,-1484231.0,,0.0,,,,-3000.0,,,,,,
2011-06-30,2011-07-21,10-Q,"LOGICQUEST TECHNOLOGY, INC.",LOGQ,CIK0000768216,USD,33332.0,,,,219896.0,,,,,9741.0,211257.0,22160286.0,,,,,23646.0,600000.0,,7709.0,,,0.001,50000000.0,26033565.0,,,26034.0,,37195.0,,,,,,,,,12055.0,,,,,,38000.0,,,,,,,,,,,,,,,-3000.0,21918.0,,-47896.0,0.0,,,,,,,,,,,,75999.0,,,,,,23646.0,1754281.0,,,,,,,,,1230000.0,,,,,,,,,,,10589.0,0.001,48.0,10.0,,0.001,,,,,,,,,,,-126895.0,5348.0,,-23916955.0,59113.0,69814.0,,,,,,,,,,,,-1730635.0,,,,,,,,,,,,26033565.0
2011-09-30,2011-10-14,10-Q,"LOGICQUEST TECHNOLOGY, INC.",LOGQ,CIK0000768216,USD,22532.0,,,,275570.0,,,,,24540.0,287761.0,22160286.0,,,,,23160.0,600000.0,,9100.0,,,0.001,50000000.0,26033565.0,,,26034.0,,35006.0,,,,,,,,,14231.0,,,,,,4000.0,,,,,,,,,,,,,,,34000.0,19043.0,,-62335.0,0.0,,,,,,,,,,,,76504.0,,,,,,23160.0,1858634.0,,,,,,,,,1230000.0,,,,,,,,,,,10587.0,0.001,48.0,10.0,,0.001,,,,,,,,,,,-104839.0,3473.0,,-24021794.0,54049.0,81378.0,,,,,,,,,,,,-1835474.0,,,,,,,,,,,,
2011-12-31,2012-01-19,10-K,"LOGICQUEST TECHNOLOGY, INC.",LOGQ,CIK0000768216,USD,,,11318.0,,,,320664.0,2616.0,2568.0,,30212.0,22400286.0,,48.0,,,15092.0,600000.0,,5937.0,-4276.0,1055000.0,0.001,50000000.0,46033565.0,46033565.0,46034.0,46034.0,,147233.0,10275.0,260000.0,,,90322.0,,,20419.0,16207.0,5000.0,,0.0,,,0.0,,,134241.0,,,,0.0,22000.0,,,,,,,22000.0,75525.0,3.4,-201559.0,-0.02,0.0,-97664.0,320664.0,-32357.0,134241.0,181572.0,2793.0,,293760.0,-1697550.0,,293760.0,,,0.0,,,15092.0,1712642.0,,,30000.0,-34276.0,-473319.0,,,,,1200000.0,,,-5000.0,,-52000.0,,,,270000.0,6587.0,,,,0.0,0.001,,,48.0,0.0,,,,,1200000.0,,-473319.0,2568.0,30000.0,-24143870.0,222758.0,277084.0,,,,-5900101.0,1005332.0,0.29,0.0,0.0,,0.05,,-1697550.0,-1697550.0,260000.0,0.0,260000.0,,-22000.0,2237000.0,2237000.0,,,,
2012-03-31,2012-04-13,10-Q,"LOGICQUEST TECHNOLOGY, INC.",LOGQ,CIK0000768216,USD,,,11521.0,,,,369852.0,,,,26601.0,22400286.0,,,,,21484.0,600000.0,,7762.0,1825.0,,0.001,50000000.0,46033565.0,,,46034.0,,33652.0,-5000.0,,,,,,,,17604.0,1397.0,,,,,,,,209500.0,,,,,,,,,,,,,6578.0,,-55785.0,0.0,0.0,,,-3408.0,,49188.0,433.0,,75259.0,,,75259.0,,,0.0,,,21484.0,1850078.0,,,15000.0,-13175.0,-131044.0,,,,,1215000.0,,,,,,,,,,11587.0,,,,,0.001,,,48.0,0.0,,,,,,,-131044.0,2135.0,15000.0,-24274914.0,40230.0,62363.0,,,,,,,,,,,,-1828594.0,,,,,,,,,,,,
2012-06-30,2012-07-12,10-Q,"LOGICQUEST TECHNOLOGY, INC.",LOGQ,CIK0000768216,USD,,,11915.0,,,,417741.0,,,,19488.0,22400286.0,,,,,15529.0,600000.0,,3386.0,,130000.0,0.001,50000000.0,46033565.0,48008897.0,,46034.0,1450000.0,31639.0,,,,,,,,,17245.0,,,,,,,,,284954.0,,,,,,,,,,,,,4506.0,,-56766.0,0.0,,,,,,,,,,,,75454.0,,,,,,15529.0,1976343.0,,,,,-132220.0,,,,,1225000.0,,,,,,,,,,11587.0,,,,,0.001,,,48.0,,,,,,,,-132220.0,556.0,,-24407134.0,36145.0,61272.0,,,,,395332.0,,,,,,,-1960814.0,,,,,,,,,,,46033565.0,
2012-09-30,2012-10-05,10-Q,"LOGICQUEST TECHNOLOGY, INC.",LOGQ,CIK0000768216,USD,,,11072.0,,,,469741.0,,,,17373.0,22400286.0,,,,,19557.0,,,5134.0,,130000.0,0.001,50000000.0,46033565.0,46033565.0,46034.0,,1450000.0,27123.0,,,,,,,,,12788.0,,,,,,,,,361290.0,,,,,,,,,,,,,8973.0,,-50514.0,0.0,,,,,,,,,,,,76336.0,,,,,,19557.0,2107264.0,,,,,-126850.0,,,,,1235000.0,,,,,,,,,,11587.0,,,,,,,,,,,,,,,,-126850.0,2836.0,,-24534027.0,36096.0,59487.0,,,,,370332.0,,,,,,,-2087707.0,,,,,,,,,,,46033565.0,
2012-12-31,2013-01-22,10-K,"LOGICQUEST TECHNOLOGY, INC.",LOGQ,CIK0000768216,USD,,,12435.0,,,519241.0,519241.0,3281.0,,,20837.0,22400286.0,,48.0,,,17430.0,,45000.0,3762.0,-2175.0,130000.0,0.001,50000000.0,46033565.0,46033565.0,46034.0,,,120331.0,-3848.0,,,,394132.0,,,20419.0,7813.0,-8394.0,7813.0,0.0,,,,,,438051.0,,,0.34,0.0,,,,,,,,,23003.0,3.4,-224587.0,-0.01,,-98741.0,-519241.0,-8258.0,438051.0,198577.0,-665.0,,303810.0,-2225947.0,,303810.0,,,,,12000.0,17430.0,2243377.0,,,45000.0,-47175.0,-528397.0,,,1245000.0,,1245000.0,,,-17000.0,,52000.0,6834000.0,438051.0,,-440000.0,10435.0,,,,,0.001,10000000.0,58.0,58.0,,0.0,,,,1245000.0,45000.0,-528397.0,3233.0,45000.0,-24672267.0,143334.0,247590.0,0.29,,0.0,-982000.0,23332.0,0.25,0.0,0.0,0.29,0.05,,-2225947.0,-2225947.0,,0.0,,2323000.0,,2323000.0,2323000.0,,,46033565.0,
2013-03-31,2013-04-10,10-Q,"LOGICQUEST TECHNOLOGY, INC.",LOGQ,CIK0000768216,USD,,,11097.0,,,,568766.0,,,,7513.0,22400286.0,,,,,15261.0,,26600.0,2665.0,-1097.0,,0.001,50000000.0,46033565.0,46033565.0,46034.0,,1450000.0,26965.0,,,,,470380.0,,,20419.0,1035.0,-6778.0,,,,,,,,514299.0,,,,,,,,,,,,,5188.0,,-56853.0,0.0,,-98766.0,-568766.0,-14662.0,514299.0,49525.0,-1072.0,,76248.0,,,76249.0,,,,,,15261.0,2374310.0,1275000.0,,26600.0,-27697.0,-133102.0,,,,,1271600.0,,,-20000.0,,52000.0,,,,-502000.0,10435.0,,,,,0.001,9999942.0,0.0,0.0,,,,,,1271600.0,26600.0,-133102.0,2161.0,26600.0,-24805369.0,32153.0,62041.0,,,,,,,,,,,,-2359049.0,,,,,,,,,,,46033565.0,
2013-06-30,2013-07-10,10-Q,"LOGICQUEST TECHNOLOGY, INC.",LOGQ,CIK0000768216,USD,,,11097.0,,,618266.0,,,,,8071.0,22400286.0,,,,,13601.0,,,1546.0,,,0.001,50000000.0,46033565.0,46033565.0,46034.0,,1450000.0,25390.0,,,,,,,,,1454.0,,,,,,,,,,,,,,,,,,,,,,-1382.0,,-62137.0,0.0,,,,,,,,,,,,77626.0,,,,,,13601.0,2512413.0,1285000.0,,,,-139763.0,,,1281600.0,,,,,,,,,591925.0,,,10435.0,,,,,,,,,,,,,,,,,1620.0,,-24945132.0,24008.0,60755.0,,,,,,,,,,,,-2498812.0,,,,,,,,,,,46033565.0,
2013-09-30,2013-10-08,10-Q,"LOGICQUEST TECHNOLOGY, INC.",LOGQ,CIK0000768216,USD,,,11905.0,,,667766.0,,,,,2294.0,22400286.0,,,,,13587.0,,,954.0,,,0.001,50000000.0,46033565.0,46033565.0,46034.0,,1450000.0,24610.0,,,,,,,,,776.0,,,,,,,,,,,,,,,,,,,,,,-137.0,,-53867.0,0.0,,,,,,,,,,,,78714.0,,,,,,13587.0,2644980.0,1295000.0,,,,-132581.0,,,1291600.0,,,,,,,,,670639.0,,,10435.0,,,,,,,,,,,,,,,,,2198.0,,-25077713.0,24473.0,53730.0,,,,,,,,,,,,-2631393.0,,,,,,,,,,,46033565.0,
2013-12-31,2014-01-22,10-K,"LOGICQUEST TECHNOLOGY, INC.",LOGQ,CIK0000768216,USD,,,11097.0,,,717266.0,,2668.0,,,6228.0,22444018.0,,2311.0,,,14857.0,,,4723.0,961.0,0.0,0.001,200000000.0,2301849.0,2301849.0,2302.0,,1450000.0,102168.0,658.0,,,,,,,,2237.0,5576.0,2237.0,0.0,2420000.0,2420000.0,,,,,,,0.34,,,,,,,,,,-1705.0,,-244674.0,-0.24,,,,-15947.0,,198025.0,-2876.0,,311549.0,,,311550.0,,311550.0,,,12000.0,14857.0,2797028.0,1311000.0,,65600.0,-64639.0,-556224.0,,,1310600.0,,1310600.0,,,,12000.0,,7117000.0,749600.0,,,9777.0,,,,,0.001,10000000.0,58.0,58.0,,,,,,1310600.0,65600.0,,357.0,65600.0,-25228491.0,100463.0,242969.0,0.17,0.0,,23332.0,0.0,,,,0.25,,,-2782171.0,-2782171.0,,,,2420000.0,,2420000.0,,,,2301849.0,
2014-03-31,2014-04-25,10-Q,"LOGICQUEST TECHNOLOGY, INC.",LOGQ,CIK0000768216,USD,,,17433.0,,,765066.0,,,,,4095.0,22400286.0,,,,,11182.0,,,857.0,-3866.0,,0.001,50000000.0,46033565.0,46033565.0,46034.0,,1450000.0,23513.0,,,,,,,,,1081.0,1156.0,,,,,,,,,,,,,,,,,,,,,-3985.0,,-64523.0,-0.06,,,,4203.0,,47800.0,191.0,,78658.0,,,78657.0,,,,,,11182.0,2936533.0,1321000.0,,10000.0,-13866.0,-143180.0,,,1320600.0,,,,,,,,,828258.0,,,9777.0,,,,,,,,,,,,,,,10000.0,,548.0,,-25371671.0,19528.0,60538.0,,,,,,,,,,,,-2925351.0,,,,,,,,,,,2301849.0,
2014-06-30,2014-07-25,10-Q,"LOGICQUEST TECHNOLOGY, INC.",LOGQ,CIK0000768216,USD,,,16697.0,,,812566.0,,,,,4451.0,22400286.0,,,,,9268.0,,,3262.0,,,0.001,50000000.0,46033565.0,46033565.0,46034.0,,1450000.0,20246.0,,,,,,,,,,,,,,,,,,,,,,,,,,,,,,,-3187.0,,-64953.0,-0.06,,,,,,,,,,,,79770.0,,,,,,9268.0,3079342.0,1338000.0,,,,-144723.0,,,1337600.0,,,,,,,,,908028.0,,,5000.0,,,,,,,,,,,,,,,,,1006.0,,-25516394.0,17059.0,61766.0,,,,,,,,,,,,-3070074.0,,,,,,,,,,,2301849.0,
2014-09-30,2014-11-26,10-Q,"LOGICQUEST TECHNOLOGY, INC.",LOGQ,CIK0000768216,USD,,1781181.0,727500.0,,,,,,,,1053681.0,22444205.0,,,,,,,,,,,0.001,50000000.0,46033565.0,46033565.0,46034.0,,1450000.0,167.0,,,,,,,,,,,,,,,,,,,,,,,,,,,,,,,-167.0,,-12051.0,-0.04,,,,,,,,,,,,80573.0,,,,,,,3118781.0,1338000.0,,,,-92624.0,,1337600.0,,,,,,,,,,,,,,,,,,,,,,,,,,,,,,,,-25609020.0,,11884.0,,,,,,,,,,,,-3118781.0,,,,,,,,,,,2301849.0,
2014-12-31,2015-04-15,10-K,"LOGICQUEST TECHNOLOGY, INC.",LOGQ,CIK0000768216,USD,,,727500.0,727500.0,,,,,,,1868635.0,22487937.0,43919.0,,,,,,,,-4723.0,,0.001,200000000.0,2301849.0,2301849.0,2302.0,,72500.0,43926.0,9777.0,,,,,,,,,2237.0,,,2585000.0,2585000.0,,,,18000.0,,0.34,,,,,,,,,,,-7335.0,,-177508.0,-0.21,,,,96620.0,,119234.0,-357.0,,212509.0,,,319572.0,319572.0,319572.0,,1025253.0,,,3224235.0,1338000.0,,45000.0,-49723.0,-485983.0,11097.0,1337600.0,,,,,-177508.0,,4000.0,,7603000.0,115882.0,,,,,,,,,,,,,,,,,,45000.0,,,,-25714474.0,36591.0,170173.0,,0.0,,,0.0,,,,,,,-3224235.0,,,,,,,,,,2374349.0,2301849.0,
2015-03-31,2015-05-15,10-Q,"LOGICQUEST TECHNOLOGY, INC.",LOGQ,CIK0000768216,USD,,,727500.0,,,,,,,,1234883.0,22487937.0,,,,,,,,,,,0.001,200000000.0,2301849.0,2301849.0,2302.0,,,,,,,,,,,,,,,,,,,,,40765.0,,,,,,,,,,,,,,,-37040.0,-0.05,,,,93748.0,,22765.0,,93748.0,,,,79473.0,,,,,,,3340748.0,,,22765.0,-22765.0,-116513.0,,1337600.0,,,,,-37040.0,,,,,,,,,,,,,,,,,,,,,,,22765.0,,,,-25830987.0,,37040.0,,,,,,,,,,,,-3340748.0,,,,,,,,,,,2301849.0,
2015-06-30,2015-08-14,10-Q,"LOGICQUEST TECHNOLOGY, INC.",LOGQ,CIK0000768216,USD,,,727500.0,,,,,,,,1301909.0,22487937.0,,,,,17799.0,,,,,,0.001,200000000.0,2301849.0,2301849.0,2302.0,,,,,,,,,,,,,,,,,,,,,108249.0,,,,,,,,,,,,,,,-36689.0,-0.05,,,,,,,,,,,,80022.0,,,,,,17799.0,3475258.0,,,,,-116711.0,,1337600.0,,,,,-36689.0,,,,,,,,,,,,,,,,,,,17799.0,,,,,,,,-25947698.0,,36689.0,,,,,,,,,,,,-3457459.0,,,,,,,,,,,2301849.0,
2015-09-30,2015-11-06,10-Q,"LOGICQUEST TECHNOLOGY, INC.",LOGQ,CIK0000768216,USD,,,727500.0,,,,,,,,1381821.0,22487937.0,,,,,20335.0,,,,,,0.001,200000000.0,2301849.0,2301849.0,2302.0,,,,,,,,,,,,,,,,,,,,,151148.0,,,,,,,,,,,,,,,-39702.0,-0.05,,,,,,,,,,,,80573.0,,,,,,20335.0,3598069.0,,,,,-120275.0,,1337600.0,,,,,-39702.0,,,,,,,,,,,,,,,,,,,20335.0,,,,,,,,-26067973.0,,39702.0,,,,,,,,,,,,-3577734.0,,,,,,,,,,,2301849.0,
2015-12-31,2016-03-30,10-K,"LOGICQUEST TECHNOLOGY, INC.",LOGQ,CIK0000768216,USD,,,,727500.0,,,,,,,2197507.0,22487937.0,,,,29032.0,29032.0,,,,,,0.001,200000000.0,2301968.0,2301968.0,2302.0,,,,5585.0,,,,,,0.15,,,,,,2748000.0,2748000.0,,,,204587.0,,0.34,,,,,,,,,,,,,,-0.21,,,,328872.0,,,,480842.0,,,,320640.0,320640.0,,,1345893.0,,29032.0,3739694.0,,,186587.0,-186587.0,-486427.0,,1337600.0,,,,45000.0,-165787.0,,,,8083000.0,124114.0,,,29032.0,,,,,,,,,,,29032.0,,,,186587.0,,,,-26200901.0,,165787.0,,0.0,,,0.0,,,,,,,-3710662.0,,,,,,,,,,,2301968.0,
2016-03-31,2016-05-13,10-Q,"LOGICQUEST TECHNOLOGY, INC.",LOGQ,CIK0000768216,USD,,,,,,,,,,,2281209.0,22487937.0,,,156.0,24100.0,17705.0,,,,,,0.001,200000000.0,2301968.0,2301968.0,2302.0,,,,,,,,,,,,,,,,,,,,,238204.0,,,,,,,,6395.0,,,,,,,,-0.05,,,,,,33617.0,,117319.0,,,-4776.0,80023.0,,,,,,24100.0,3857013.0,,,,,-122251.0,,1337600.0,,,,,-42228.0,,,,,,,,,,,,,,,,,,,17705.0,,,,,,,,-26323152.0,,42228.0,,,,,,,,,,,,-3832913.0,,,,,,,,,,,2301968.0,
2016-06-30,2016-08-10,10-Q,"LOGICQUEST TECHNOLOGY, INC.",LOGQ,CIK0000768216,USD,,,,,,,,,,,2351468.0,22487937.0,,,,26197.0,18573.0,,,,,,0.001,200000000.0,2301968.0,2301968.0,2302.0,,,,,,,,,,,,,,,,,,,,,289310.0,,,,,,,,7624.0,,,,,,,,-0.05,,,,,,,,,,,,80022.0,,,,,,26197.0,3978378.0,,,,,-119268.0,,1337600.0,,,,,-39246.0,,,,,,,,,,,,,,,,,,,18573.0,,,,,,,,-26442420.0,,39246.0,,,,,,,,,,,,-3952181.0,,,,,,,,,,,2301968.0,
2016-09-30,2016-11-14,10-Q,"LOGICQUEST TECHNOLOGY, INC.",LOGQ,CIK0000768216,USD,,,,,,,,,,,2453277.0,22487937.0,,,,24491.0,7798.0,,,,,,0.001,200000000.0,2301968.0,2301968.0,2302.0,,,,,,,,,,,,,,,,,,,,,306634.0,,,,,,,,16693.0,,,,,,,,0.0,,,,,,,,,,,,80573.0,,,,,,24491.0,4097511.0,,,,,-120839.0,,1337600.0,,,,,-40266.0,,,,,,80573.0,,,,,,,,,,,,,7798.0,,,,,,,,-26563259.0,,40266.0,,,,,,,,,,,,-4073020.0,,,,,,,,,,,2301968.0,
2016-12-31,2017-03-30,10-K,"LOGICQUEST TECHNOLOGY, INC.",LOGQ,CIK0000768216,USD,,,,727500.0,,,,,,,2518111.0,22487937.0,,,1890.0,27977.0,7394.0,,,,,,0.001,200000000.0,2301968.0,2301968.0,2302.0,,72500.0,,13219.0,,,,,,0.15,,,,,,2917000.0,2917000.0,,,,380196.0,,0.34,,,,,,20583.0,,,,,,,,-0.22,,,,,,,,482159.0,,,,321190.0,321190.0,,,1667083.0,,27977.0,4235907.0,,,,,-497268.0,-321190.0,1337600.0,,,,65000.0,-176078.0,,,,8581000.0,123528.0,,,,,,,,,,,,,,7394.0,,,,,,,,-26698169.0,,176078.0,,,,,,,,,,,,-4207930.0,,,,,,,,,,2374468.0,2301968.0,
2017-03-31,2017-05-12,10-Q,"LOGICQUEST TECHNOLOGY, INC.",LOGQ,CIK0000768216,USD,,,,,,,,,,,2589946.0,22487937.0,,,578.0,25524.0,5519.0,,,,,,0.001,200000000.0,2301968.0,2301968.0,2302.0,,,,,,,,,,,,,,,,,,,,,421877.0,,,,,,,,20005.0,,,,,,,,-0.05,,,,,,,,113516.0,,,-1875.0,79473.0,,,,,,25524.0,4349423.0,,,,,-115969.0,,1337600.0,,,,,-36496.0,,,,,,,,,,,,,,,,,,,5519.0,,,,,,,,-26814138.0,,36496.0,,,,,,,,,,,,-4323899.0,,,,,,,,,,,2301968.0,
2017-06-30,2017-08-11,10-Q,"LOGICQUEST TECHNOLOGY, INC.",LOGQ,CIK0000768216,USD,,,,,,,,,,,2680341.0,22487937.0,,,,26821.0,7394.0,,,,,,0.001,200000000.0,2301968.0,2301968.0,2302.0,,,,,,,,,,,,,,,,,,,,,457132.0,,,,,,,,19427.0,,,,,,,,-0.05,,,,,,,,,,,,80022.0,,,,,,26821.0,4475073.0,,,,,-124353.0,,1337600.0,,,,,-44331.0,,,,,,,,,,,,,,,,,,,7394.0,,,,,,,,-26938491.0,,44331.0,,,,,,,,,,,,-4448252.0,,,,,,,,,,,2301968.0,
2017-09-30,2017-11-09,10-Q,"LOGICQUEST TECHNOLOGY, INC.",LOGQ,CIK0000768216,USD,,,,,,,,,,,2750898.0,22487937.0,,,,9342.0,1135.0,,,,,,0.001,200000000.0,2301968.0,2301968.0,2302.0,,,,,,,,,,,,,,,,,,,,,493552.0,,,,,,,14442.0,8207.0,,,2012.0,,,,,-0.05,,,,,,,,,,,,80573.0,,,,,,9342.0,4582050.0,,,,,-124456.0,-78561.0,1337600.0,,,,,-45895.0,,,,,,78561.0,,,,,,,,,,,,,1135.0,,,,,,,,-27062947.0,,45895.0,,,,,,,,,,,,-4572708.0,,,,,,,,,,,2301968.0,
2017-12-31,2018-04-17,10-K,"LOGICQUEST TECHNOLOGY, INC.",LOGQ,CIK0000768216,USD,,,,727500.0,,,,,,,2844287.0,22487937.0,,,1757.0,510.0,510.0,,,,,,0.001,200000000.0,2301968.0,2301968.0,2302.0,,,,8342.0,,,,,,0.15,,,,,,1913000.0,1913000.0,,,,554832.0,,0.34,,,,,,,,,3647.0,,,,,-0.23,,,,,,,,521827.0,,,,320640.0,320640.0,,,1987723.0,,510.0,4736719.0,,,,,-528279.0,-316993.0,1337600.0,,,,98000.0,-211286.0,,,,9109000.0,129064.0,,,,,,,,,,,,,,510.0,,24140.0,,,,,,-27226448.0,,211286.0,,,,,,,,,,,,-4736209.0,,,,,,,,,1184000.0,,2301968.0,
2018-03-31,2018-05-29,10-Q,"LOGICQUEST TECHNOLOGY, INC.",LOGQ,CIK0000768216,USD,,,,,,,,,,,2915446.0,22487937.0,,,,510.0,510.0,,,,,,0.001,200000000.0,2301968.0,2301968.0,2302.0,,,,,,,,,,,,,,,,,,,,,612212.0,,,,,,,,,,,,,,,,-0.06,,,,,,,,128539.0,,,,79473.0,,,,,,510.0,4865258.0,,,,,-128539.0,,1337600.0,,,,,-49066.0,,,,,,,,,,,,,,,,,,,510.0,,,,,,,,-27354987.0,,49066.0,,,,,,,,,,,,-4864748.0,,,,,,,,,,,2301968.0,
2018-06-30,2018-08-10,10-Q,"LOGICQUEST TECHNOLOGY, INC.",LOGQ,CIK0000768216,USD,,,,,,,,,,,2993180.0,22487937.0,,,,510.0,510.0,,,,,,0.001,200000000.0,2301968.0,2301968.0,2302.0,,,,,,,,,,,,,,,,,,,,,665970.0,,,,,,,,,,,,,,,,-0.06,,,,,,,,,,,,80022.0,,,,,,510.0,4996750.0,,,,,-131492.0,,1337600.0,,,,,-51470.0,,,,,,,,,,,,,,,,,,,510.0,,,,,,,,-27486479.0,,51470.0,,,,,,,,,,,,-4996240.0,,,,,,,,,,,2301968.0,
2018-09-30,2018-11-16,10-Q,"LOGICQUEST TECHNOLOGY, INC.",LOGQ,CIK0000768216,USD,,,,,,,,,,,3074693.0,22487937.0,,,,510.0,510.0,,,,,,0.001,200000000.0,2301968.0,2301968.0,2302.0,,,,,,,,,,,,,,,,,,,,,714472.0,,,,,,,,,,,,,,,,-0.06,,,,,,,,,,,,80023.0,,,,,,510.0,5126765.0,,,,,-130015.0,-80023.0,1337600.0,,,,,-49992.0,,,,,,,,,,,,,,,,,,,510.0,,,,,,,,-27616494.0,,49992.0,,,,,,,,,,,,-5126255.0,,,,,,,,,,,2301968.0,
2018-12-31,2019-04-16,10-K,"LOGICQUEST TECHNOLOGY, INC.",LOGQ,CIK0000768216,USD,,,,727500.0,,,,,,,3174211.0,22487937.0,,,,510.0,510.0,,,,,,0.001,200000000.0,2301968.0,2301968.0,2302.0,,,,,,,,,,0.15,,,,,,2030000.0,2030000.0,,,,784873.0,,0.21,,,,,,,,,,,,,,-0.24,,,,,,,,559965.0,,,,320640.0,320640.0,,,2308363.0,,510.0,5296684.0,,,,,-559965.0,-320640.0,1337600.0,,,,104000.0,-239325.0,,,,9669000.0,138348.0,,,,,,,,,,,,,,510.0,,,,,,,,-27786413.0,,239325.0,,,,,,,,,,,,-5296174.0,,,,,,,,,,,2301968.0,
2019-03-31,2019-05-15,10-Q,"LOGICQUEST TECHNOLOGY, INC.",LOGQ,CIK0000768216,USD,,,,,,,,,,,3265011.0,22487937.0,,,,510.0,510.0,,,,,,0.001,200000000.0,2301968.0,2301968.0,2302.0,,,,,,,,,,,,,,,,,,,,,804944.0,,,,,,,,,,,,,,,,-0.05,,,,,,,,110871.0,,,,79473.0,,,,,,510.0,5407555.0,,,,,-110871.0,,1337600.0,,,,,-31398.0,,,,,,,,,,,,,,,,,,,510.0,,,,,,,,-27897284.0,,31398.0,,,,,,,,,,,,-5407045.0,,,,,,,,,,,2301968.0,
2019-06-30,2019-08-14,10-Q,"LOGICQUEST TECHNOLOGY, INC.",LOGQ,CIK0000768216,USD,,,,,,,,,,,3347067.0,22487937.0,,,,510.0,510.0,,,,,,0.001,200000000.0,2301968.0,2301968.0,2302.0,,,,,,,,,,,,,,,,,,,,,823079.0,,,,,,,,,,,,,,,,-0.04,,,,,,,,,,,,80022.0,,,,,,510.0,5507746.0,,,,,-100191.0,,1337600.0,,,,,-20169.0,,,,,,,,,,,,,,,,,,,510.0,,,,,,,,-27997475.0,,20169.0,,,,,,,,,,,,-5507236.0,,,,,,,,,,,2301968.0,
2019-09-30,2019-11-14,10-Q,"LOGICQUEST TECHNOLOGY, INC.",LOGQ,CIK0000768216,USD,,,,,,,,,,,3421886.0,22487937.0,,,,510.0,510.0,,,,,,0.001,200000000.0,2301968.0,2301968.0,2302.0,,,,,,,,,,,,,,,,,,,,,836114.0,,,,,,,,,,,,,,,,-0.04,,,,,,,,,,,,80572.0,,,,,,510.0,5595600.0,,,,,-87854.0,,1337600.0,,,,,-7282.0,,,,,,,,,,,,,,,,,,,510.0,,,,,,,,-28085329.0,,7282.0,,,,,,,,,,,,-5595090.0,,,,,,,,,,,2301968.0,
2019-12-31,2020-05-29,10-K,"LOGICQUEST TECHNOLOGY, INC.",LOGQ,CIK0000768216,USD,,,,727500.0,,,,,,,3513273.0,22487937.0,,,,510.0,510.0,,,,,,0.001,200000000.0,2301968.0,2301968.0,2302.0,,,,,,,,,,0.15,,,,,,2115000.0,2115000.0,,,,849149.0,,0.21,,,,,,,,,,,,,,-0.18,,,,,,,,403338.0,,,,320640.0,321190.0,,,2629003.0,,510.0,5700022.0,,,,,-403338.0,-320640.0,1337600.0,,,,,-82698.0,,,,10072000.0,156770.0,,,,,,,,,,,,,,510.0,,,,,,,,-28189751.0,,82698.0,,,,,,,,,,,,-5699512.0,,,,,,,,,,,2301968.0,
2020-03-31,2020-06-23,10-Q,"LOGICQUEST TECHNOLOGY, INC.",LOGQ,CIK0000768216,USD,,,,,,,,,,,3566404.0,22487937.0,,,,510.0,510.0,,,,,,0.001,200000000.0,2301968.0,2301968.0,2302.0,,,,,,,,,,,,,,,,,,,,,894448.0,,,,,,,,,,,,,,,,-0.04,,,,,,,,98430.0,,,,80023.0,,,,,,510.0,5798452.0,,,,,-98430.0,,1337600.0,,,,,-18407.0,,,,,,,,,,,,,,,,,,,510.0,,,,,,,,-28288181.0,,18407.0,,,,,,,,,,,,-5797942.0,,,,,,,,,,,2301968.0,
2020-06-30,2020-08-14,10-Q,"LOGICQUEST TECHNOLOGY, INC.",LOGQ,CIK0000768216,USD,,,,,,,,,,,3633069.0,22487937.0,,,,510.0,510.0,,,,,,0.001,200000000.0,2301968.0,2301968.0,2302.0,,,,,,,,,,,,,,,,,,,,,928813.0,-0.04,,,,,,,,,,,,,,,-0.04,,,,,,,,,,,,80022.0,,,,,,510.0,5899482.0,,,,,-101030.0,,1337600.0,,,,,-21008.0,,,,,,,,,,,,,,,,,,,510.0,,,,,,,,-28389211.0,,21008.0,,,,,,,,,,,,-5898972.0,,,,,,,,,,,2301968.0,
2020-09-30,2020-11-13,10-Q,"LOGICQUEST TECHNOLOGY, INC.",LOGQ,CIK0000768216,USD,,,,,,,,,,,3716529.0,22487937.0,,,,3256.0,3256.0,,,,,,0.001,200000000.0,2301968.0,2301968.0,2302.0,,,,,,,,,,,,,,,,,,,,,952818.0,-0.05,,,,,,,,,,,,,,,-0.05,,,,,,,,,,,,80572.0,,,,,,3256.0,6006947.0,,,,,-104719.0,,1337600.0,,,,,-24147.0,,,,,,,,,,,,,,,,,,,3256.0,,,,,,,,-28493930.0,,24147.0,,,,,,,,,,,,-6003691.0,,,,,,,,,,,2301968.0,
2020-12-31,2021-03-31,10-K,"LOGICQUEST TECHNOLOGY, INC.",LOGQ,CIK0000768216,USD,,,,727500.0,,,,,,,3802597.0,22487937.0,,,,1139.0,1139.0,,,,,,0.001,200000000.0,2301968.0,2301968.0,2302.0,,,,-629.0,,,,,,0.15,,,,,,2201000.0,2201000.0,,,,970093.0,,0.21,,,,,,,,,,,,,,-0.18,,,,,,,,410268.0,,,,321190.0,321190.0,,,2950193.0,,1139.0,6110290.0,,,,,-409639.0,-321190.0,1337600.0,,,,,-88449.0,,,,9108809.0,124904.0,,,,,,,,,,,,,,1139.0,,,,,,,,-28599390.0,,88449.0,,,,,,,,,,,,-6109151.0,,,,,,,,,,,2301968.0,
2021-03-31,2021-05-14,10-Q,"LOGICQUEST TECHNOLOGY, INC.",LOGQ,CIK0000768216,USD,,,,,,,,,,,3876776.0,22487937.0,,,,895.0,895.0,,,,,,0.001,200000000.0,2301968.0,2301968.0,2302.0,,,,,,,,,,,,,,,,,,,,,993009.0,,,,,,,,,,,,,,,,-0.04,,,,,,,,97095.0,,,-244.0,79472.0,,,,,,895.0,6207385.0,,,,,-97339.0,,1337600.0,,,,,-17867.0,,,,,,,,,,,,,,,,,,,895.0,,,,,,,,-28696729.0,,17867.0,,,,,,,,,,,,-6206490.0,,,,,,,,,,,2301968.0,
2021-06-30,2021-08-05,10-Q,"LOGICQUEST TECHNOLOGY, INC.",LOGQ,CIK0000768216,USD,,,,,,,,,,,3952688.0,22487937.0,,,,557.0,557.0,,,,,,0.001,200000000.0,2301968.0,2301968.0,2302.0,,,,,,,,,,,,,,,,,,,,,1016408.0,-0.04,,,,,,,,,,,,,,,,,,,,,,,,,,,80023.0,,,,,,557.0,6306696.0,,,,,-99649.0,,1337600.0,,,,,-19626.0,,,,,,,,,,,,,,,,,,,557.0,,,,,,,,-28796378.0,,19626.0,,,,,,,,,,,,-6306139.0,,,,,,,,,,,2301968.0,
2021-09-30,2021-11-12,10-Q,"LOGICQUEST TECHNOLOGY, INC.",LOGQ,CIK0000768216,USD,,,,,,,,,,,4033260.0,22487937.0,,,,1658.0,1658.0,,,,,,0.001,200000000.0,2301968.0,2301968.0,2302.0,,,,,,,,,,,,,,,,,,,,,1036245.0,-0.04,,,,,,,,,,,,,,,,,,,,,,,,,,,80572.0,,,,,,1658.0,6407105.0,,,,,-99308.0,,1337600.0,,,,,-18736.0,,,,,,,,,,,,,,,,,,,1658.0,,,,,,,,-28895686.0,,18736.0,,,,,,,,,,,,-6405447.0,,,,,,,,,,,2301968.0,
