end,filed,form,Name,Ticker,CIK,Currency,AcceleratedShareRepurchaseProgramAdjustment,AccountsPayableAndAccruedLiabilitiesCurrent,AccruedIncomeTaxesCurrent,AccruedProfessionalFeesCurrent,AccruedRentCurrent,AccruedSalesCommissionCurrent,AccumulatedDepreciationDepletionAndAmortizationPropertyPlantAndEquipment,AdditionalPaidInCapital,AntidilutiveSecuritiesExcludedFromComputationOfEarningsPerShareAmount,Assets,AssetsCurrent,BankOverdrafts,BuildingsAndImprovementsGross,CashAcquiredFromAcquisition,CashAndCashEquivalentsAtCarryingValue,CashAndCashEquivalentsPeriodIncreaseDecrease,CashCashEquivalentsRestrictedCashAndRestrictedCashEquivalents,CashCashEquivalentsRestrictedCashAndRestrictedCashEquivalentsPeriodIncreaseDecreaseIncludingExchangeRateEffect,CashEquivalentsAtCarryingValue,CashPeriodIncreaseDecreaseExcludingExchangeRateEffect,CommonStockOtherSharesOutstanding,CommonStockParOrStatedValuePerShare,CommonStockSharesAuthorized,CommonStockSharesIssued,CommonStockSharesOutstanding,CommonStockSharesSubscribedButUnissued,CommonStockValue,ConvertiblePreferredStockSharesIssuedUponConversion,CostOfRealEstateSales,CostsAndExpenses,DeferredTaxAssetsValuationAllowance,Deposits,Depreciation,DueFromRelatedPartiesCurrent,DueToRelatedPartiesCurrent,DueToRelatedPartiesCurrentAndNoncurrent,DueToRelatedPartiesNoncurrent,EarningsPerShareBasic,EarningsPerShareBasicAndDiluted,EarningsPerShareDiluted,EscrowDeposit,GainLossOnSaleOfProperties,GainsLossesOnExtinguishmentOfDebt,GeneralAndAdministrativeExpense,IncomeLossFromContinuingOperationsBeforeIncomeTaxesExtraordinaryItemsNoncontrollingInterest,IncomeLossFromContinuingOperationsBeforeIncomeTaxesMinorityInterestAndIncomeLossFromEquityMethodInvestments,IncomeTaxExpenseBenefit,IncomeTaxesPaid,IncomeTaxesPaidNet,IncreaseDecreaseInAccountsPayableAndAccruedLiabilities,IncreaseDecreaseInDeferredCompensation,IncreaseDecreaseInDeposits,IncreaseDecreaseInOperatingCapital,IncreaseDecreaseInOtherCurrentLiabilities,IncreaseDecreaseInOtherOperatingLiabilities,IncreaseDecreaseInPrepaidExpense,IncreaseDecreaseInTradingSecurities,InterestExpense,InterestExpenseOther,InterestPaid,InterestPaidNet,InterestPayableCurrent,InventoryNet,InventoryRealEstate,InvestmentIncomeInterest,InvestmentIncomeInterestAndDividend,IssuanceOfStockAndWarrantsForServicesOrClaims,Land,LeaseAndRentalExpense,Liabilities,LiabilitiesAndStockholdersEquity,LiabilitiesCurrent,LiabilitiesNoncurrent,LinesOfCreditCurrent,MarketableSecuritiesCurrent,MarketableSecuritiesGainLoss,MarketableSecuritiesRealizedGainLoss,MarketableSecuritiesUnrealizedGainLoss,NetCashProvidedByUsedInFinancingActivities,NetCashProvidedByUsedInFinancingActivitiesContinuingOperations,NetCashProvidedByUsedInInvestingActivities,NetCashProvidedByUsedInInvestingActivitiesContinuingOperations,NetCashProvidedByUsedInOperatingActivities,NetCashProvidedByUsedInOperatingActivitiesContinuingOperations,NetIncomeLoss,NonoperatingIncomeExpense,NotesPayableRelatedPartiesCurrentAndNoncurrent,OfficersCompensation,OperatingExpenses,OperatingIncomeLoss,OperatingLossCarryforwards,OtherAccruedLiabilitiesCurrent,OtherCostAndExpenseOperating,OtherCostOfOperatingRevenue,OtherExpenses,OtherGeneralExpense,OtherNonoperatingIncome,OtherSalesRevenueNet,PreferredStockDividendRatePercentage,PreferredStockParOrStatedValuePerShare,PreferredStockSharesAuthorized,PreferredStockSharesIssued,PreferredStockSharesOutstanding,PreferredStockValue,PrepaidExpenseCurrent,ProceedsFromIssuanceOfCommonStock,ProceedsFromNotesPayable,ProceedsFromPaymentsForOtherFinancingActivities,ProceedsFromRelatedPartyDebt,ProceedsFromRepaymentsOfRelatedPartyDebt,ProceedsFromSaleOfPropertyPlantAndEquipment,ProceedsFromSaleOfRealEstate,ProfessionalFees,ProfitLoss,PropertyPlantAndEquipmentGross,PropertyPlantAndEquipmentNet,RepaymentsOfNotesPayable,RetainedEarningsAccumulatedDeficit,Revenues,SalariesAndWages,SalesOfRealEstate,ShareBasedCompensation,SharesIssued,ShortTermBankLoansAndNotesPayable,StockholdersEquity,StockIssuedDuringPeriodValueEmployeeBenefitPlan,StockIssuedDuringPeriodValueIssuedForServices,StockIssuedDuringPeriodValueOther,TravelAndEntertainmentExpense,TreasuryStockShares,TreasuryStockValue,WeightedAverageNumberOfDilutedSharesOutstanding,WeightedAverageNumberOfShareOutstandingBasicAndDiluted,WeightedAverageNumberOfSharesOutstandingBasic,AccountsReceivableRelatedParties,IncreaseDecreaseInAccountsReceivableRelatedParties,RevenueFromRelatedParties
2010-02-28,2010-06-14,10-K,UNITED STATES BASKETBALL LEAGUE INC,USBL,CIK0000764630,USD,,,,,,,,,,,,,,,661.0,,,,,,,,,,,,,,,,,,,,,,,,,,,,,,,,,,,,,,,,,,,,,,,,,,,,,,,,,,,,,,,,,,,,,,,,,,,,,,,,,,,,,,,,,,,,,,,,,,,,,,,,,,,,,,-1434787.0,,,,,,,,,,,,
2010-08-31,2010-10-08,10-Q,UNITED STATES BASKETBALL LEAGUE INC,USBL,CIK0000764630,USD,,,,,,,,,,,,,,,3278.0,,,,,,,,,,,,,,,57315.0,,,1298.0,,,,,-0.02,,-0.02,,,,,,,,,,,,,,,,,,8238.0,,,,,,,1.0,,,,,,,,,,,-24595.0,,,,,,,,,-70147.0,-32832.0,,,,-37315.0,,,,28555.0,,,,,,,,,,,,,,,,,,,,,,,,,20000.0,14710.0,,,,,,,,,12177.0,,,3512527.0,,3512527.0,,,
2010-11-30,2011-01-14,10-Q,UNITED STATES BASKETBALL LEAGUE INC,USBL,CIK0000764630,USD,,,,,,,,,,,,,,,1873.0,,,,,,,,,,,,,,,55900.0,,,1298.0,,,,,0.0,,0.0,,,,,,,,,,,,,,,,,,8251.0,,,,,,,,1.0,,,,,,,,,,63800.0,,,,,,,,,-350.0,55550.0,,,,-55900.0,,,,35265.0,,,,,,,,,,,,,,,,,,,,,,,,,,14989.0,,,,,,,,,4350.0,,,4588206.0,,3482527.0,,,
2011-02-28,2011-05-27,10-K,UNITED STATES BASKETBALL LEAGUE INC,USBL,CIK0000764630,USD,,148766.0,,,,,40190.0,2679855.0,,495635.0,258825.0,,,,2465.0,1804.0,,,,,,0.01,30000000.0,3552502.0,3552502.0,,35525.0,,,215067.0,,,5192.0,7274.0,1872087.0,,,,-0.06,,,,,,,,,,,33950.0,,,,-20000.0,-4311.0,,102983.0,32950.0,,16900.0,,,5000.0,,28.0,,12000.0,,,2113253.0,495635.0,2113253.0,,92400.0,244086.0,33158.0,,,272787.0,,,,-270983.0,,-194831.0,236.0,,,,-195067.0,,,,107462.0,,,,,,0.01,2000000.0,1105679.0,1105679.0,11057.0,,,,-12243.0,,285030.0,,,,,,236810.0,,-4301601.0,20000.0,57847.0,,,,,-1617618.0,,,,27991.0,39975.0,42454.0,4612781.0,,3507102.0,,,
2011-05-31,2011-07-13,10-Q,UNITED STATES BASKETBALL LEAGUE INC,USBL,CIK0000764630,USD,,,,,,,,,,,,,,,403.0,-2062.0,,,,,,,,,,,,,,52500.0,,,1298.0,,,,,0.01,,0.01,,,,,,,,,,10804.0,,,,,-111.0,,105381.0,8059.0,,4155.0,,,,,,,,,,,,,,,,101738.0,,,50149.0,,,,-52211.0,,41179.0,93679.0,,,,-52500.0,,,,29791.0,,,,,,,,,,,,,,-5441.0,,55590.0,,,,,,,,,,14380.0,,,,,,,,,7031.0,,,4618206.0,,3512527.0,,,
2011-08-31,2011-10-17,10-Q,UNITED STATES BASKETBALL LEAGUE INC,USBL,CIK0000764630,USD,,165677.0,,,,,42786.0,2679855.0,1105679.0,517060.0,282846.0,,,,5822.0,,,,,,,0.01,30000000.0,3552502.0,3552502.0,,35525.0,,,43689.0,,,1298.0,17620.0,1968733.0,,,-0.04,,-0.04,,,,,,,,,,,,,,,,,,8161.0,,,,,5000.0,,1.0,,,,,2225046.0,517060.0,2225046.0,,90636.0,254404.0,-79698.0,,-86599.0,,,,,,,-131547.0,-87858.0,,,,-43689.0,,,,23636.0,,,,0.0,,0.01,2000000.0,1105679.0,1105679.0,11057.0,,,,,,,,,,,,234214.0,,-4391969.0,,14042.0,,,,,-1707986.0,,,,4513.0,39975.0,42454.0,3512527.0,,3512527.0,,,
2011-11-30,2012-01-17,10-Q,UNITED STATES BASKETBALL LEAGUE INC,USBL,CIK0000764630,USD,,166814.0,,,,,44084.0,2679855.0,1105679.0,482217.0,249301.0,,,,5531.0,,,,,,,0.01,30000000.0,3552502.0,,,35525.0,,,46833.0,,,1298.0,21362.0,2020682.0,,,-0.02,,-0.02,,,,,,,,,,,,,,,,,,7937.0,,,,,5000.0,,,,,,,2276299.0,482217.0,2276299.0,,88803.0,217408.0,-37326.0,,-41706.0,,,,,,,-86096.0,-45263.0,,,,-40833.0,,,,27019.0,,,,6000.0,,0.01,2000000.0,1105679.0,1105679.0,11057.0,,,,,,,,,,,,232916.0,,-4478065.0,6000.0,14292.0,,,,,-1794082.0,,,,4024.0,39975.0,42454.0,3512527.0,,3512527.0,,,
2012-02-29,2012-06-12,10-K,UNITED STATES BASKETBALL LEAGUE INC,USBL,CIK0000764630,USD,,172100.0,,,,,45382.0,2679855.0,1105679.0,453147.0,221529.0,,155747.0,,4834.0,2369.0,,,,,,0.01,30000000.0,3552502.0,3552502.0,,35525.0,,,193984.0,875000.0,,5192.0,24927.0,2068839.0,2068839.0,0.0,-0.07,-0.07,,,,,,,,,0.0,,23334.0,,,,,-5658.0,,-57318.0,32007.0,,19807.0,,,5000.0,,1.0,,,121253.0,,2327681.0,453147.0,2327681.0,,86742.0,186768.0,-45926.0,9987.0,-55913.0,179099.0,,,,-176730.0,,-256916.0,-77932.0,63787.0,,,-178984.0,2500000.0,,,110830.0,,,,15000.0,,0.01,2000000.0,1105679.0,1105679.0,11057.0,,,,-17653.0,,196752.0,,,,,277000.0,231618.0,,-4558517.0,15000.0,58026.0,,,,,-1874534.0,,,,19536.0,39975.0,42454.0,4618206.0,,3512527.0,,,
2012-05-31,2012-07-13,10-Q,UNITED STATES BASKETBALL LEAGUE INC,USBL,CIK0000764630,USD,,174313.0,,,,,46680.0,2679855.0,1105679.0,383688.0,153368.0,,,,87335.0,82501.0,,,,,,0.01,30000000.0,3552502.0,,,35525.0,,,46330.0,,,1298.0,26822.0,2146243.0,,,-0.03,,-0.03,,,,,,,,0.0,,2213.0,,,,,-39353.0,,-152557.0,7573.0,,3018.0,,,5000.0,,,,,,,2367945.0,383688.0,2367945.0,,47389.0,34211.0,-64820.0,-75197.0,10377.0,75509.0,,,,6992.0,,-109723.0,-72393.0,,,,-37330.0,,,,27831.0,,,,9000.0,,0.01,2000000.0,1105679.0,1105679.0,11057.0,,,,-1895.0,,77404.0,,,,,,230320.0,,-4668240.0,9000.0,14715.0,,,,,-1984257.0,,,,2486.0,39975.0,42454.0,4618206.0,,3512527.0,,,
2012-08-31,2012-10-22,10-Q,UNITED STATES BASKETBALL LEAGUE INC,USBL,CIK0000764630,USD,,179893.0,,,,,47978.0,2679855.0,1105679.0,360940.0,131918.0,,155747.0,,63653.0,,,,,,,0.01,30000000.0,3552502.0,3552502.0,,35525.0,,,62295.0,,,1298.0,31231.0,2172379.0,2172379.0,,-0.01,,-0.01,,,,,,,,,,,,,,,,,,5386.0,,,,,5000.0,,0.0,,,121253.0,,2392615.0,360940.0,2392615.0,,40343.0,32034.0,11263.0,,29253.0,,,,,,,-47418.0,5877.0,65887.0,,,-53295.0,,,3000.0,49617.0,,,,9000.0,,0.01,2000000.0,1105679.0,1105679.0,11057.0,,,,,,,,,,,277000.0,229022.0,,-4715658.0,,12514.0,,,,,-2031675.0,,,,-1134.0,39975.0,42454.0,3512527.0,,3512527.0,,,
2012-11-30,2013-01-22,10-Q,UNITED STATES BASKETBALL LEAGUE INC,USBL,CIK0000764630,USD,,186445.0,,,,,49276.0,2679855.0,1105679.0,286225.0,58501.0,,155747.0,,11862.0,,,,,,,0.01,30000000.0,3552502.0,3552502.0,,35525.0,,,37975.0,,,1298.0,33220.0,2138228.0,2138228.0,,-0.01,,-0.01,,,,,,,,,,,,,,,,,,5703.0,,,,,5000.0,,0.0,,,121253.0,3000.0,2364466.0,286225.0,2364466.0,,39793.0,8419.0,-11888.0,,22001.0,,,,,,,-46566.0,-17591.0,73687.0,,,-28975.0,,,3000.0,7287.0,,,,9000.0,,0.01,2000000.0,1105679.0,1105679.0,11057.0,,,,,,,,,10802.0,,277000.0,227724.0,,-4762224.0,,8455.0,,,,,-2078241.0,,,,4197.0,39975.0,42454.0,3512527.0,,3512527.0,,,
2013-02-28,2013-06-18,10-K,UNITED STATES BASKETBALL LEAGUE INC,USBL,CIK0000764630,USD,,186517.0,,,,,50574.0,2679855.0,1105679.0,277624.0,51198.0,,155747.0,,11642.0,6808.0,,,,,,0.01,30000000.0,3552502.0,3552502.0,,35525.0,,,193589.0,1015000.0,,5192.0,35450.0,2159449.0,2159449.0,0.0,-0.07,-0.07,,,,,,,,,0.0,,14417.0,,,,,-40447.0,0.0,-182662.0,24320.0,,16420.0,,,0.0,,0.0,,,121253.0,12000.0,2392261.0,277624.0,2392261.0,,46295.0,4106.0,-60158.0,-173047.0,112889.0,80087.0,,,,-73279.0,,-240103.0,-84478.0,69887.0,,,-155625.0,2900000.0,,,45970.0,,,,37964.0,0.02,0.01,2000000.0,1105679.0,1105679.0,11057.0,0.0,,,-10523.0,90610.0,-10523.0,,,45210.0,,277000.0,226426.0,,-4798620.0,37964.0,44113.0,,,,,-2114637.0,,,,13991.0,39975.0,42454.0,3512527.0,,3512527.0,,,
2013-05-31,2013-07-22,10-Q,UNITED STATES BASKETBALL LEAGUE INC,USBL,CIK0000764630,USD,,176944.0,,,,,51872.0,2679855.0,1105679.0,234947.0,9819.0,,155747.0,,9819.0,-1823.0,,,,,,0.01,30000000.0,3552502.0,,,35525.0,,,31959.0,,,1298.0,0.0,2153628.0,2153628.0,0.0,-0.01,,-0.01,,,,,,,,0.0,,-9573.0,,,,,-3789.0,0.0,-4106.0,5720.0,,3018.0,,,,,,,,121253.0,3000.0,2373078.0,234947.0,2373078.0,,42506.0,0.0,2239.0,4298.0,-2059.0,29629.0,,,,-31452.0,,-23494.0,-3481.0,73787.0,,,-20013.0,,,,6092.0,,,,11946.0,0.02,0.01,2000000.0,1105679.0,1105679.0,11057.0,,,,35450.0,-5821.0,35450.0,,,3680.0,,277000.0,225128.0,,-4822114.0,11946.0,11784.0,,,,,-2138131.0,,,,2041.0,39975.0,42454.0,3512527.0,,3512527.0,,,
2013-08-31,2013-10-15,10-Q,UNITED STATES BASKETBALL LEAGUE INC,USBL,CIK0000764630,USD,,178781.0,,,,,53170.0,2679855.0,1105679.0,236484.0,12654.0,,155747.0,,12654.0,,,,,,,0.01,30000000.0,3552502.0,3552502.0,,35525.0,,,46839.0,,,1298.0,0.0,2220403.0,2220403.0,0.0,-0.01,,-0.01,,0.0,,,,,,,,,,,,,,,,5318.0,,,,,,,,,,121253.0,3000.0,2414826.0,236484.0,2414826.0,,15642.0,0.0,0.0,,0.0,,,,,,,-40211.0,-5318.0,73887.0,,,-34893.0,,,3000.0,1013.0,,,,11946.0,,0.01,2000000.0,1105679.0,1105679.0,11057.0,,,,,,,,,25180.0,,277000.0,223830.0,,-4862325.0,,8206.0,,,,,-2178342.0,,,,1651.0,39975.0,42454.0,3512527.0,,3512527.0,,,
2013-11-30,2014-01-21,10-Q,UNITED STATES BASKETBALL LEAGUE INC,USBL,CIK0000764630,USD,,180463.0,,,,,54468.0,2679855.0,1105679.0,240270.0,17738.0,,155747.0,,17738.0,,,,,,,0.01,30000000.0,3552502.0,,,35525.0,,,28084.0,,,1298.0,0.0,2247008.0,2247008.0,0.0,-0.01,,-0.01,,0.0,,,,,,,,,,,,,,,,5002.0,,,,,,,0.0,,,121253.0,3000.0,2439752.0,240270.0,2439752.0,,12281.0,0.0,0.0,,0.0,,,,,,,-21140.0,-5002.0,77787.0,0.0,,-16138.0,,,3000.0,6636.0,,5613.0,,11946.0,,0.01,2000000.0,1105679.0,1105679.0,11057.0,,,,,,,,,11851.0,,277000.0,222532.0,,-4883465.0,,42.0,,,,,-2199482.0,,,,-356.0,39975.0,42454.0,3512527.0,,3512527.0,,,
2014-02-28,2014-06-13,10-K,UNITED STATES BASKETBALL LEAGUE INC,USBL,CIK0000764630,USD,,176232.0,,,,,55766.0,2679855.0,1105679.0,235621.0,14387.0,,155747.0,,10978.0,-664.0,,,,,,0.01,30000000.0,3552502.0,3552502.0,,35525.0,,,128485.0,980000.0,,5192.0,0.0,2261316.0,2261316.0,0.0,-0.03,-0.03,-0.03,,0.0,,,,,,0.0,,-10285.0,,,,,-34640.0,3409.0,-4106.0,20483.0,,12483.0,,,,,,,,121253.0,12000.0,2449203.0,235621.0,2449203.0,0.0,11655.0,0.0,2239.0,4298.0,-2059.0,137317.0,137317.0,,0.0,-137981.0,-137981.0,-98945.0,-18244.0,77887.0,0.0,,-80701.0,2800000.0,,12000.0,17934.0,,22620.0,,47784.0,0.02,0.01,2000000.0,1105679.0,1105679.0,11057.0,3409.0,,,,35450.0,101867.0,0.0,,49118.0,,277000.0,221234.0,,-4897565.0,47784.0,18200.0,,,,,-2213582.0,,,,3421.0,39975.0,42454.0,3512527.0,,3512527.0,,,
2014-05-31,2014-07-21,10-Q,UNITED STATES BASKETBALL LEAGUE INC,USBL,CIK0000764630,USD,,173696.0,,,,,,2679855.0,1105679.0,234515.0,14579.0,,155747.0,,13727.0,2749.0,,,,,,0.01,30000000.0,3552502.0,,,35525.0,,,20058.0,,,1298.0,,2275734.0,2275734.0,0.0,0.0,,0.0,,,,,,,,0.0,,-2536.0,,,,,-462.0,-2557.0,0.0,4414.0,,3047.0,,,,,,,,121253.0,3000.0,2460623.0,234515.0,2460623.0,,11193.0,,0.0,,0.0,14418.0,14418.0,,,-11669.0,-11669.0,-12526.0,-4414.0,79254.0,,,-8112.0,,,3000.0,5698.0,,1294.0,,11946.0,0.02,0.01,2000000.0,1105679.0,1105679.0,11057.0,852.0,,,,14418.0,14418.0,,,8454.0,,277000.0,219936.0,,-4910091.0,11946.0,0.0,,,,,-2226108.0,,,,314.0,39975.0,42454.0,3512527.0,,3512527.0,,,
2014-08-31,2014-10-15,10-Q,UNITED STATES BASKETBALL LEAGUE INC,USBL,CIK0000764630,USD,,118634.0,,,,,0.0,2679855.0,,29714.0,29714.0,,,,29714.0,,,,,,,0.01,30000000.0,3552502.0,3552502.0,,35525.0,,,34432.0,,,270.0,,1966687.0,1966687.0,0.0,0.05,,0.03,,192931.0,,,,160006.0,0.0,,,,,,,,,,,488.0,,,,,,219666.0,,,,,3000.0,2095816.0,29714.0,2095816.0,,10495.0,,0.0,,0.0,,,,,,,160006.0,192443.0,13562.0,,,-32437.0,,,,2469.0,,10687.0,,1995.0,,0.01,2000000.0,1105679.0,1105679.0,11057.0,0.0,,,,,,,,16942.0,,,0.0,,-4750085.0,,0.0,,,,,-2066102.0,,,,1064.0,39975.0,42454.0,4618206.0,,3512527.0,,,
2014-11-30,2015-01-14,10-Q,UNITED STATES BASKETBALL LEAGUE INC,USBL,CIK0000764630,USD,,120785.0,,,,,0.0,2679855.0,,4320.0,4320.0,,,,4320.0,,,,,,,0.01,30000000.0,3552502.0,3552502.0,,35525.0,,,23086.0,,,0.0,,1964677.0,1964677.0,0.0,-0.01,,-0.01,,0.0,,,,-23513.0,0.0,,,,,,,,,,,427.0,,,,,,-219666.0,,,,,3000.0,2093935.0,4320.0,2093935.0,,8473.0,,0.0,,0.0,,,,,,,-23513.0,-427.0,13562.0,8000.0,,-23086.0,,,,1258.0,,3821.0,,0.0,,0.01,2000000.0,1105679.0,1105679.0,11057.0,0.0,,,,,,,,7956.0,,,0.0,,-4773598.0,,0.0,,,,,-2089615.0,,,,-949.0,39975.0,42454.0,3512527.0,,3512527.0,,,
2015-02-28,2015-06-11,10-K,UNITED STATES BASKETBALL LEAGUE INC,USBL,CIK0000764630,USD,,133853.0,,,,,50574.0,2679855.0,,614.0,614.0,,,,614.0,-10364.0,,,,,,0.01,30000000.0,3552502.0,3552502.0,,35525.0,,7403.0,97555.0,945000.0,,1568.0,,1969350.0,1969350.0,0.0,0.03,,0.02,,192931.0,,,,,,0.0,,-42379.0,,,,,-4294.0,-3409.0,0.0,5685.0,,66963.0,,,,219666.0,,,,,12000.0,2110564.0,614.0,2110564.0,0.0,7361.0,,0.0,,0.0,,-291966.0,,412597.0,,-130995.0,103632.0,187246.0,13562.0,8000.0,,-83614.0,2700000.0,,,11101.0,,24120.0,,13941.0,0.02,0.01,2000000.0,1105679.0,1105679.0,11057.0,0.0,,,,0.0,-291966.0,412597.0,412597.0,40766.0,,,0.0,,-4793933.0,13941.0,0.0,420000.0,,,,-2109950.0,,,,461.0,39975.0,42454.0,4618206.0,,3512527.0,,,
2015-05-31,2015-07-14,10-Q,UNITED STATES BASKETBALL LEAGUE INC,USBL,CIK0000764630,USD,,128545.0,,,,,57334.0,2679855.0,1105679.0,333.0,333.0,,,,333.0,-281.0,,,,,,0.01,30000000.0,3552502.0,,,35525.0,,-7403.0,6789.0,,,0.0,,1981572.0,1981572.0,0.0,0.0,,0.0,,192931.0,,,,,,0.0,,-5308.0,,,,,-76.0,0.0,,330.0,,330.0,,,,-219666.0,,,,,3000.0,2117402.0,333.0,2117402.0,0.0,7285.0,,,,,,12222.0,,,,-12503.0,-7119.0,-330.0,,,,-6789.0,,,,1552.0,,1643.0,,0.0,0.02,0.01,2000000.0,1105679.0,1105679.0,11057.0,0.0,,,,,12222.0,,412597.0,0.0,,,,,-4801052.0,0.0,,-420000.0,,,,-2117069.0,,,,594.0,39975.0,42454.0,3512527.0,,3512527.0,,,
2015-08-31,2015-09-29,10-Q,UNITED STATES BASKETBALL LEAGUE INC,USBL,CIK0000764630,USD,,160120.0,,,,,,2679855.0,1105679.0,83.0,83.0,,,,83.0,,,,,,,0.01,30000000.0,3552502.0,3552502.0,,35525.0,,,34619.0,,,0.0,,1995072.0,1995072.0,0.0,-0.01,,-0.01,,0.0,,,-35500.0,-35500.0,9391.0,,,,,,,,,,,881.0,,,,,,,,,,,3000.0,2162043.0,83.0,2162043.0,,6851.0,,0.0,,,,,,,,,-44891.0,-881.0,,,,-34619.0,,,,561.0,,9927.0,,0.0,,0.01,2000000.0,1105679.0,1105679.0,11057.0,,,,,,,,,21383.0,,,,,-4845943.0,0.0,,,,,,-2161960.0,,,,-252.0,39975.0,42454.0,3512527.0,,3512527.0,,,
2015-11-30,2015-12-30,10-Q,UNITED STATES BASKETBALL LEAGUE INC,USBL,CIK0000764630,USD,,168190.0,,,,,,2679855.0,1105679.0,383.0,383.0,,,,383.0,,,,,,,0.01,30000000.0,3552502.0,,,35525.0,,,16296.0,,,0.0,,2004772.0,2004772.0,0.0,-0.01,,-0.01,,0.0,,,-16610.0,-16610.0,0.0,,,,,,,,,,,314.0,,,,,,,,,,,3000.0,2178953.0,383.0,2178953.0,,5991.0,,0.0,,,,,,,,,-16610.0,-314.0,,0.0,,-16296.0,,,,823.0,,2243.0,,0.0,,0.01,2000000.0,1105679.0,1105679.0,11057.0,,,,,,,,,10279.0,,,,,-4862553.0,,,,,,,-2178570.0,,,,-49.0,39975.0,42454.0,3512527.0,,3512527.0,,,
2016-02-29,2016-04-07,10-K,UNITED STATES BASKETBALL LEAGUE INC,USBL,CIK0000764630,USD,,172499.0,7954.0,44985.0,96000.0,6101.0,,2679855.0,1105679.0,416.0,416.0,,,,416.0,-198.0,,,,,,0.01,30000000.0,3552502.0,3552502.0,,35525.0,,,81434.0,1015000.0,2725.0,0.0,,2015128.0,2015128.0,,-0.02,,-0.02,,0.0,,,,,,2000.0,,38646.0,,,,,-1393.0,0.0,,1795.0,,1795.0,,13562.0,,,,,,,12000.0,2193595.0,416.0,2193595.0,0.0,5968.0,,,,,45778.0,45778.0,0.0,0.0,-45976.0,-45976.0,-83229.0,-1795.0,13562.0,0.0,,-81434.0,2900000.0,1172.0,,13309.0,,20914.0,,0.0,0.02,0.01,2000000.0,1105679.0,1105679.0,11057.0,,,,,,45778.0,0.0,,35211.0,,,,,-4877162.0,0.0,,,,,,-2193179.0,,,,,39975.0,42454.0,3512527.0,,3512527.0,,,
2016-05-31,2016-07-13,10-Q,UNITED STATES BASKETBALL LEAGUE INC,USBL,CIK0000764630,USD,,175628.0,3664.0,50092.0,99000.0,5837.0,,2679855.0,1105679.0,168.0,168.0,,,,168.0,-248.0,,,,,,0.01,30000000.0,3552502.0,,,35525.0,,,22792.0,,2725.0,,,2032978.0,2032978.0,,-0.01,,-0.01,,,,,,,,0.0,,3129.0,,,,,1875.0,,,310.0,,310.0,,13562.0,,,,,,,3000.0,2216449.0,168.0,2216449.0,0.0,7843.0,,,,,17850.0,17850.0,,,-18098.0,-18098.0,-23102.0,-310.0,,,,-22792.0,,748.0,,629.0,,4072.0,,,0.02,0.01,2000000.0,1105679.0,1105679.0,11057.0,,,,,,17850.0,,,12857.0,,,,,-4900264.0,0.0,,,,,,-2216281.0,,,,2234.0,39975.0,42454.0,3512527.0,,3512527.0,,,
2016-08-31,2016-10-14,10-Q,UNITED STATES BASKETBALL LEAGUE INC,USBL,CIK0000764630,USD,,182293.0,3664.0,51613.0,102000.0,7844.0,,2679855.0,1105679.0,289.0,289.0,,,,289.0,,,,,,,0.01,30000000.0,3552502.0,3552502.0,,35525.0,,,15271.0,,2725.0,0.0,,2043044.0,2043044.0,,0.0,,0.0,,,,,-15601.0,,0.0,,,,,,,,,,,330.0,,,,13562.0,,,,,,,3000.0,2232171.0,289.0,2232171.0,,6834.0,,,,,,,,,,,-15601.0,-330.0,,,,-15271.0,,885.0,,821.0,,6968.0,,,,0.01,2000000.0,1105679.0,1105679.0,11057.0,,,,,,,,,4521.0,,,,,-4915865.0,0.0,,,,,,-2231882.0,,,,-39.0,39975.0,42454.0,3512527.0,,3512527.0,,,
2016-11-30,2017-08-04,10-Q,UNITED STATES BASKETBALL LEAGUE INC,USBL,CIK0000764630,USD,,186799.0,3664.0,53713.0,105000.0,7253.0,,2679855.0,1105679.0,493.0,493.0,,,,493.0,,,,,,,0.01,30000000.0,3552502.0,,,35525.0,,,13857.0,,2725.0,,,2053044.0,2053044.0,,0.0,,0.0,,,,,-14161.0,,0.0,,,,,,,,,,,304.0,,,,13562.0,,,,,,,3000.0,2246537.0,493.0,2246537.0,,6694.0,,,,,,,,,,,-14161.0,-304.0,,,,-13857.0,,882.0,,542.0,,3659.0,,0.0,,0.01,2000000.0,1105679.0,1105679.0,11057.0,,,,,,,,,6600.0,,,,,-4930027.0,,,,,,,-2246044.0,,,,56.0,39975.0,42454.0,3512527.0,,3512527.0,,,
2017-02-28,2017-11-08,10-K,UNITED STATES BASKETBALL LEAGUE INC,USBL,CIK0000764630,USD,,191792.0,3664.0,54580.0,108000.0,8143.0,,2679855.0,1105679.0,280.0,280.0,,,,280.0,-136.0,,,,,,0.01,30000000.0,3552502.0,3552502.0,,35525.0,,,59872.0,1015000.0,2725.0,,,2056044.0,2056044.0,,-0.02,,-0.02,,,,,,,,4290.0,,19293.0,,,,,773.0,,,1246.0,,1246.0,,13562.0,,,,,,,12000.0,2254577.0,280.0,2254577.0,0.0,6741.0,,,,,40916.0,,0.0,,-41052.0,,-61118.0,-1246.0,,,,-59872.0,2900000.0,1118.0,,2497.0,,20530.0,,0.0,0.02,0.01,2000000.0,1105679.0,1105679.0,11057.0,,,,,,40916.0,,,24845.0,,,,,-4938280.0,0.0,,,,,,-2254297.0,,,,,39975.0,42454.0,3512527.0,,3512527.0,,,
2017-05-31,2018-01-30,10-Q,UNITED STATES BASKETBALL LEAGUE INC,USBL,CIK0000764630,USD,,195353.0,3664.0,55630.0,111000.0,8024.0,,2679855.0,1105679.0,10.0,10.0,,,,10.0,-270.0,,,,,,0.01,30000000.0,3552502.0,,,35525.0,,,6243.0,,2725.0,,,2059044.0,2059044.0,,0.0,,0.0,,,,,,,,0.0,,3561.0,,,,,-291.0,,,297.0,,297.0,,13562.0,,,,,,,3000.0,2260847.0,10.0,2260847.0,0.0,6450.0,,,,,3000.0,,,,-3270.0,,-6540.0,-297.0,,,,-6243.0,,748.0,,425.0,,1756.0,,,0.02,0.01,2000000.0,1105679.0,1105679.0,11057.0,,,,,,3000.0,,,1050.0,,,,,-4944820.0,0.0,,,,,,-2260837.0,,,,12.0,39975.0,42454.0,3512527.0,,3512527.0,,,
2017-08-31,2018-02-28,10-Q,UNITED STATES BASKETBALL LEAGUE INC,USBL,CIK0000764630,USD,,202315.0,3664.0,55630.0,114000.0,11986.0,,2679855.0,1105679.0,949.0,949.0,,,,949.0,,,,,,,0.01,30000000.0,3552502.0,3552502.0,,35525.0,,,9546.0,,2725.0,0.0,,2063879.0,2063879.0,,0.0,,0.0,,,,,-9712.0,,0.0,,,,,,,,,,,166.0,,,,13562.0,,,,,,,3000.0,2271498.0,949.0,2271498.0,,5304.0,,,,,,,,,,,-9712.0,-166.0,,,,-9546.0,,748.0,,96.0,,3962.0,,,,0.01,2000000.0,1105679.0,1105679.0,11057.0,,,,,,,,,2500.0,,,,,-4954532.0,0.0,,,,,,-2270549.0,,,,-12.0,39975.0,42454.0,3512527.0,,3512527.0,,,
2017-11-30,2018-04-09,10-Q,UNITED STATES BASKETBALL LEAGUE INC,USBL,CIK0000764630,USD,,198665.0,0.0,50425.0,117000.0,14204.0,,2679855.0,1105679.0,0.0,0.0,,,,0.0,,,,,,,0.01,30000000.0,3552502.0,3552502.0,,35525.0,1105679.0,,21581.0,,2725.0,,,2088629.0,2088629.0,,-0.01,,-0.01,,,,,-21814.0,,0.0,,,,,,,,,,,233.0,,,,13562.0,,,,,,,3000.0,2292363.0,0.0,2292363.0,,5069.0,,,,,,,,,,,-21814.0,-233.0,,,,-21581.0,,749.0,3000.0,1536.0,,4468.0,,,,0.01,2000000.0,1105679.0,1105679.0,11057.0,,,,,,,,,12545.0,,,,,-4976346.0,0.0,,,,,,-2292363.0,,,,32.0,39975.0,42454.0,3512527.0,,3512527.0,,,
2018-02-28,2018-08-03,10-K,UNITED STATES BASKETBALL LEAGUE INC,USBL,CIK0000764630,USD,,207646.0,0.0,55070.0,120000.0,14217.0,,2679855.0,1105679.0,330.0,330.0,0.0,,,330.0,50.0,330.0,,,,,0.01,30000000.0,3552502.0,3552502.0,,35525.0,,,48965.0,630000.0,2725.0,,,2094129.0,2094129.0,,-0.01,,-0.01,,,,,,,,3664.0,,15854.0,,,,,-1394.0,,,3530.0,,2236.0,,13562.0,,,,,,,12000.0,2307122.0,330.0,2307122.0,0.0,5347.0,,,,,38085.0,,0.0,,-38035.0,,-52495.0,-3530.0,,,,-48965.0,3000000.0,2072.0,,,,14699.0,,,0.02,0.01,2000000.0,1105679.0,1105679.0,11057.0,,,,,,38085.0,,,20740.0,,,,,-4990775.0,0.0,,,,,,-2306792.0,,,,,39975.0,42454.0,3512527.0,,3512527.0,,,
2018-05-31,2018-08-17,10-Q,UNITED STATES BASKETBALL LEAGUE INC,USBL,CIK0000764630,USD,,215786.0,,54295.0,123000.0,17505.0,,2679855.0,1105679.0,0.0,0.0,3920.0,,330.0,0.0,-330.0,,,,0.0,,0.01,30000000.0,3552502.0,,,35525.0,,,18475.0,,2725.0,,,2104029.0,2104029.0,,0.0,,0.0,,,,,,,,0.0,,8140.0,,,,,-280.0,,,175.0,,175.0,,13562.0,,,,,,,3000.0,2325442.0,0.0,2325442.0,0.0,5627.0,,,,,9900.0,,,,-10230.0,,-18650.0,-175.0,,,,-18475.0,,779.0,,336.0,,7881.0,,,0.02,0.01,2000000.0,1105679.0,1105679.0,11057.0,,,,,,9900.0,,,7225.0,,,,,-5009425.0,0.0,,,,,,-2325442.0,,,,33.0,39975.0,42454.0,3512527.0,,3512527.0,,,
2018-08-31,2018-10-10,10-Q,UNITED STATES BASKETBALL LEAGUE INC,USBL,CIK0000764630,USD,,212202.0,,54695.0,126000.0,14441.0,,2679855.0,1105679.0,282.0,282.0,,,,282.0,,,,,,,0.01,30000000.0,3552502.0,3552502.0,,35525.0,,,17984.0,,2725.0,,,2125879.0,2125879.0,,-0.01,,-0.01,,,,,-17984.0,,0.0,,0.0,,,,,,,,,0.0,,,,13562.0,,,,,,,3000.0,2343708.0,282.0,2343708.0,,5627.0,,,,,,,,,,,-17984.0,0.0,,,,-17984.0,,779.0,,139.0,,4445.0,,,,0.01,2000000.0,1105679.0,1105679.0,11057.0,,,,,,,,,10400.0,,,,,-5027409.0,0.0,,,,,,-2343426.0,,,,0.0,39975.0,42454.0,3512527.0,,3512527.0,,,
2018-11-30,2019-03-11,10-Q,UNITED STATES BASKETBALL LEAGUE INC,USBL,CIK0000764630,USD,,223856.0,,63444.0,129000.0,14345.0,,2679855.0,,55.0,55.0,,,,55.0,,,,,,,0.01,30000000.0,3552502.0,3552502.0,,35525.0,1105679.0,,17381.0,,2725.0,,,2131379.0,,,-0.01,,-0.01,,,,,-17969.0,,0.0,,0.0,,,,,,,,,588.0,,,,13562.0,,,,,,,3000.0,2361450.0,55.0,2361450.0,,6215.0,,,,,,,,,,,-17969.0,-588.0,,,,-17381.0,,780.0,9000.0,229.0,,3403.0,,,,0.01,2000000.0,1105679.0,1105679.0,11057.0,,,,,,,,,10749.0,,,,,-5045378.0,0.0,,,,,,-2361395.0,,,,0.0,39975.0,42454.0,3512527.0,,3512527.0,,,
2019-02-28,2019-08-26,10-K,UNITED STATES BASKETBALL LEAGUE INC,USBL,CIK0000764630,USD,,227638.0,,66112.0,132000.0,12462.0,,2679855.0,,295.0,295.0,,,,295.0,,295.0,-35.0,0.0,,,0.01,30000000.0,3552502.0,,,35525.0,,,,630000.0,2725.0,,,2134379.0,2134379.0,,,-0.02,,,,,17341.0,,,,,,19992.0,,,,,868.0,,,762.0,,,762.0,13562.0,,,,,,,12000.0,2368232.0,295.0,2368232.0,0.0,6215.0,,,,,40250.0,,0.0,,-40285.0,,-61145.0,-762.0,,,60383.0,-60383.0,3000000.0,777.0,12000.0,,,,,,,0.01,2000000.0,1105679.0,1105679.0,11057.0,,,,,,40250.0,,,31042.0,-61145.0,,,,-5051920.0,,,,,,,-2367937.0,,,,,39975.0,42454.0,,3512527.0,,,,
2019-05-31,2019-10-09,10-Q,UNITED STATES BASKETBALL LEAGUE INC,USBL,CIK0000764630,USD,-2375100.0,228540.0,,67013.0,135000.0,9462.0,,2679855.0,1105679.0,34.0,0.0,,,295.0,,-261.0,34.0,-261.0,,34.0,,0.01,30000000.0,3552502.0,,,35525.0,,,7163.0,,2725.0,,,2140739.0,2140379.0,,0.0,0.0,0.0,,,,761.0,,,,0.0,,902.0,,,,,0.0,,,0.0,,0.0,0.0,13562.0,,,,,,,3000.0,2375134.0,34.0,2375134.0,0.0,6215.0,,,,,6000.0,,0.0,,-6267.0,,-7163.0,0.0,,,7163.0,-7163.0,,778.0,,102.0,,659.0,,,0.02,0.01,2000000.0,1105679.0,1105679.0,11057.0,,,,,,6000.0,,,3402.0,-7163.0,,,,-5059083.0,0.0,,,,,,-2375100.0,,,,0.0,39975.0,42454.0,3512527.0,3552502.0,3512527.0,,,
2019-08-31,2019-12-20,10-Q,UNITED STATES BASKETBALL LEAGUE INC,USBL,CIK0000764630,USD,,227041.0,,63173.0,138000.0,8804.0,,2679855.0,1105679.0,40.0,40.0,,,,40.0,,40.0,,,,,0.01,30000000.0,3552502.0,,,35525.0,,,10912.0,,2725.0,,,2153383.0,2140379.0,,-0.01,0.0,-0.01,,,,412.0,-10912.0,,,,0.0,,,,,,,,,0.0,,,,13562.0,,,,,,,3000.0,2386051.0,40.0,2386051.0,0.0,5627.0,,,,,,,,,,,-10912.0,0.0,,,10912.0,-10912.0,,777.0,,191.0,,809.0,,,0.02,0.01,2000000.0,1105679.0,1105679.0,11057.0,,,,,,,,,7500.0,-10912.0,,,,-5069994.0,0.0,,,,,,-2389011.0,,,,-588.0,39975.0,42454.0,3512527.0,3552502.0,3512527.0,,,
2019-11-30,2020-02-11,10-Q,UNITED STATES BASKETBALL LEAGUE INC,USBL,CIK0000764630,USD,,233885.0,,67161.0,141000.0,8660.0,,2679855.0,1105679.0,642.0,642.0,,,,642.0,,642.0,,,,,0.01,30000000.0,3552502.0,,,35525.0,,,8242.0,,2725.0,,,2155883.0,2155883.0,,-0.01,0.0,-0.01,,,,254.0,-8242.0,,,,0.0,,,,,,,,,0.0,,,,13562.0,,,,,,,3000.0,2394895.0,642.0,2394895.0,,5127.0,,,,,,,,,,,-8242.0,0.0,,,8242.0,-8242.0,,777.0,3000.0,181.0,,665.0,,,0.02,0.01,2000000.0,1105679.0,1105679.0,11057.0,,,,,,,,,4988.0,-8242.0,,,,-5078236.0,0.0,,,,,,-2294253.0,,,,-592.0,39975.0,42454.0,3512527.0,3552502.0,3512527.0,,,
2020-02-29,2021-06-02,10-K,UNITED STATES BASKETBALL LEAGUE INC,USBL,CIK0000764630,USD,,245887.0,,76163.0,144000.0,8660.0,,2679855.0,,301.0,,,,,301.0,,301.0,6.0,0.0,,,0.01,30000000.0,3552502.0,,,35525.0,1.0,,,,2725.0,,,2158631.0,2158631.0,,,-0.01,,,,,3767.0,,,,0.0,,18249.0,,,,,-1088.0,,,,,,0.0,13562.0,,,,,,,12000.0,2409645.0,301.0,2409645.0,,5127.0,,,,,24252.0,,0.0,,-24246.0,,-41407.0,,,,41407.0,-41407.0,,777.0,12000.0,,,,,,0.02,0.01,2000000.0,1105679.0,1105679.0,11057.0,,,,,,24252.0,,,25640.0,-41407.0,,,,-5093327.0,,,,,,,-2409344.0,,,,,39975.0,42454.0,,3512527.0,,,,
2020-05-31,2021-06-22,10-Q,UNITED STATES BASKETBALL LEAGUE INC,USBL,CIK0000764630,USD,,252184.0,,78164.0,144000.0,12956.0,,2679855.0,,207.0,,,,,207.0,,207.0,-94.0,,,,0.01,30000000.0,3552502.0,,,35525.0,1.0,,,,2725.0,,,2158631.0,2158631.0,,,0.0,,,,,4391.0,,,,0.0,,6297.0,,,,,,,,,,,0.0,13562.0,,,,,,,,2415942.0,207.0,2415942.0,,5127.0,,,,,,,0.0,,-94.0,,-6391.0,,,,6391.0,-6391.0,,777.0,,,,,,,0.02,0.01,2000000.0,1105679.0,1105679.0,11057.0,,,,,,,,,2000.0,-6391.0,,,,-5099718.0,,,,,,,-2415735.0,,,,,39975.0,42454.0,,3552502.0,,,,
2020-08-31,2021-06-22,10-Q,UNITED STATES BASKETBALL LEAGUE INC,USBL,CIK0000764630,USD,,256184.0,,80164.0,144000.0,14956.0,,2679855.0,,64.0,,,,,64.0,,64.0,,,,,0.01,30000000.0,3552502.0,,,35525.0,1.0,,,,2725.0,,,2158631.0,2158631.0,,0.0,0.0,0.0,,,,2143.0,,,,,,,,,,,,,,,,,,13562.0,,,,,,,,2419942.0,64.0,2419942.0,,5127.0,,,,,,,,,,,-4143.0,,,,4143.0,-4143.0,,777.0,,,,,,,,0.01,2000000.0,1105679.0,1105679.0,11057.0,,,,,,,,,2000.0,-4143.0,,,,-5103861.0,,,,,,,-2419878.0,,,,,39975.0,42454.0,3552502.0,3552502.0,3552502.0,,,
2020-11-30,2021-06-22,10-Q,UNITED STATES BASKETBALL LEAGUE INC,USBL,CIK0000764630,USD,,260184.0,,82164.0,144000.0,16956.0,,2679855.0,,221.0,,,,,221.0,,221.0,,,,,0.01,30000000.0,3552502.0,,,35525.0,1.0,,,,2725.0,,,2159631.0,2159631.0,,0.0,0.0,0.0,,,,2093.0,,,,,,,,,,,,,,,,,,13562.0,,,,,,,,2424942.0,221.0,2424942.0,,5127.0,,,,,,,,,,,-4843.0,,,,4843.0,-4843.0,,777.0,0.0,,,,,,,0.01,2000000.0,1105679.0,1105679.0,11057.0,,,,,,,,,2750.0,-4843.0,,,,-5108704.0,,,,,,,-2424721.0,,,,,39975.0,42454.0,3552502.0,3552502.0,3552502.0,,,
2021-02-28,2021-07-06,10-K,UNITED STATES BASKETBALL LEAGUE INC,USBL,CIK0000764630,USD,,271158.0,,101424.0,144000.0,8660.0,,2679855.0,,75.0,,,,,75.0,,75.0,-226.0,,,0.0,0.01,100000000.0,3552502.0,,0.0,35525.0,1.0,,,,2725.0,,,2159631.0,2159631.0,,,-0.01,,,,,12747.0,,,,0.0,,25271.0,,,,,,,,,,,0.0,13562.0,,,,,,,,2435916.0,75.0,2435916.0,,5127.0,,,,,1000.0,,0.0,,-1226.0,,-26497.0,,,,26497.0,-26497.0,,777.0,0.0,,,,,,0.02,0.01,10000000.0,1105679.0,1105679.0,11057.0,,,,,,1000.0,,,13750.0,-26497.0,,,,-5119824.0,,,,,,,-2435841.0,,,,,39975.0,42454.0,,3512527.0,,,,
2021-05-31,2021-07-23,10-Q,UNITED STATES BASKETBALL LEAGUE INC,USBL,CIK0000764630,USD,,19025.0,,18025.0,,1000.0,,5023225.0,,327081.0,,,,,21.0,,234373.0,234298.0,,,3075000.0,0.01,100000000.0,3552502.0,,3075000.0,35525.0,1.0,,,,,,,16344.0,,,,0.0,,234352.0,,66747.0,25370.0,,,,0.0,,-33424.0,,,,,,,,,,,0.0,,,,,,,,,38950.0,327081.0,38950.0,,,,,,,286575.0,,0.0,,-52277.0,,-18648.0,66747.0,,,85395.0,-85395.0,,,,,48000.0,,,,0.02,0.01,10000000.0,1105679.0,1105679.0,11057.0,92708.0,240000.0,3581.0,,,42994.0,,,12025.0,-18648.0,,,,-5138472.0,,,,66542.0,,3581.0,288131.0,48000.0,111250.0,240000.0,,39975.0,42454.0,,6627502.0,,,,
2021-08-31,2021-10-13,10-Q,UNITED STATES BASKETBALL LEAGUE INC,USBL,CIK0000764630,USD,,2100.0,,2100.0,,,,5649888.0,,347758.0,,,,,216530.0,,216530.0,,,,,0.01,100000000.0,7146202.0,,,71462.0,1.0,,,,,,,,,,-0.04,,-0.04,,,,80096.0,,,,,,,,,,,,,,,,,,,,,,,,,,2100.0,347758.0,2100.0,,,,,,,,,,,,,-205823.0,-125480.0,,,80343.0,-80343.0,,,,,,,2000.0,,,0.01,10000000.0,1105679.0,1105679.0,11057.0,5250.0,,,,,,,,247.0,-205823.0,,,,-5344295.0,,,,,,3581.0,345658.0,,104000.0,,,39975.0,42454.0,5211993.0,,5211993.0,,,
2021-11-30,2022-01-12,10-Q,UNITED STATES BASKETBALL LEAGUE INC,USBL,CIK0000764630,USD,,8163.0,,8163.0,,,,5649888.0,,265950.0,,,,,192944.0,,192944.0,,,,,0.01,100000000.0,7146202.0,,,71462.0,1.0,,,,,,,,,,-0.01,,-0.01,,,,87720.0,,,,,,,,,,,,,,,,,,,,,,,,,,8163.0,265950.0,8163.0,,,,,,,,,,,,,-87871.0,,,,92871.0,-87871.0,,,,,,,,,,0.01,10000000.0,1105679.0,1105679.0,11057.0,3236.0,,,,,,,,5151.0,-87871.0,,,,-5432166.0,,,,,,3581.0,257787.0,,,,,39975.0,42454.0,7146202.0,,7146202.0,5000.0,,5000.0
