end,filed,form,Name,Ticker,CIK,Currency,AccountsPayableCurrent,AccountsReceivableNet,AccruedLiabilitiesCurrent,AccumulatedDepreciationDepletionAndAmortizationPropertyPlantAndEquipment,AccumulatedOtherComprehensiveIncomeLossNetOfTax,AdditionalPaidInCapital,AdditionalPaidInCapitalCommonStock,AntidilutiveSecuritiesExcludedFromComputationOfEarningsPerShareAmount,Assets,AssetsCurrent,CapitalLeaseObligations,Cash,CashAndCashEquivalentsAtCarryingValue,CashAndCashEquivalentsPeriodIncreaseDecrease,CashCashEquivalentsRestrictedCashAndRestrictedCashEquivalentsPeriodIncreaseDecreaseExcludingExchangeRateEffect,CashEquivalentsAtCarryingValue,CashPeriodIncreaseDecrease,CashProvidedByUsedInOperatingActivitiesDiscontinuedOperations,CommitmentsAndContingencies,CommonStockParOrStatedValuePerShare,CommonStockSharesAuthorized,CommonStockSharesIssued,CommonStockSharesOutstanding,CommonStockValue,ComprehensiveIncomeNetOfTax,ContributionOfProperty,CurrentIncomeTaxExpenseBenefit,DebtInstrumentIncreaseAccruedInterest,DeferredIncomeTaxesAndTaxCredits,DeferredTaxAssetsLiabilitiesNet,DeferredTaxAssetsNet,DeferredTaxAssetsOperatingLossCarryforwards,DeferredTaxAssetsOperatingLossCarryforwardsDomestic,DeferredTaxAssetsTaxCreditCarryforwards,DeferredTaxAssetsValuationAllowance,Depreciation,DepreciationDepletionAndAmortization,DueToOtherRelatedPartiesClassifiedCurrent,DueToRelatedPartiesCurrent,DueToRelatedPartiesCurrentAndNoncurrent,DueToRelatedPartiesNoncurrent,EarningsPerShareBasic,EarningsPerShareBasicAndDiluted,EarningsPerShareDiluted,EffectiveIncomeTaxRateReconciliationAtFederalStatutoryIncomeTaxRate,EffectiveIncomeTaxRateReconciliationDeductions,EffectiveIncomeTaxRateReconciliationOtherReconcilingItemsPercent,EffectiveIncomeTaxRateReconciliationTaxCredits,EffectOfExchangeRateOnCashAndCashEquivalents,EmployeeRelatedLiabilitiesCurrent,ExtinguishmentOfDebtGainLossNetOfTax,GainsLossesOnExtinguishmentOfDebt,GainsLossesOnRestructuringOfDebt,GeneralAndAdministrativeExpense,IncomeLossFromContinuingOperationsBeforeIncomeTaxesExtraordinaryItemsNoncontrollingInterest,IncomeTaxExpenseBenefit,IncomeTaxesPaidNet,IncreaseDecreaseInAccountsPayable,IncreaseDecreaseInAccountsPayableRelatedParties,IncreaseDecreaseInAccountsReceivable,IncreaseDecreaseInAccruedLiabilities,IncreaseDecreaseInCustomerAdvances,IncreaseDecreaseInCustomerAdvancesAndDeposits,IncreaseDecreaseInDueToOfficersAndStockholdersCurrent,IncreaseDecreaseInEmployeeRelatedLiabilities,IncreaseDecreaseInNotesPayableCurrent,IncreaseDecreaseInNotesPayableRelatedParties,IncreaseDecreaseInOtherAccountsPayable,IncreaseDecreaseInOtherAccountsPayableAndAccruedLiabilities,IncreaseDecreaseInOtherAccruedLiabilities,IncreaseDecreaseInOtherCurrentAssets,IncreaseDecreaseInOtherEmployeeRelatedLiabilities,InterestAndDebtExpense,InterestExpense,InterestIncomeOperating,InterestIncomeOther,InterestPaid,InterestPaidNet,IssuanceOfStockAndWarrantsForServicesOrClaims,LeaseholdImprovementsGross,LegalFees,Liabilities,LiabilitiesAndStockholdersEquity,LiabilitiesCurrent,LongTermLoansPayable,LongTermNotesPayable,MachineryAndEquipmentGross,NetCashProvidedByUsedInFinancingActivities,NetCashProvidedByUsedInInvestingActivities,NetCashProvidedByUsedInOperatingActivities,NetIncomeLoss,NonoperatingGainsLosses,NonoperatingIncomeExpense,NotesAndLoansPayableCurrent,NotesIssued1,NotesPayableCurrent,NotesPayableRelatedPartiesClassifiedCurrent,OfficersCompensation,OperatingExpenses,OperatingIncomeLoss,OperatingLossCarryforwards,OtherAccountsPayableAndAccruedLiabilities,OtherAssets,OtherAssetsCurrent,OtherComprehensiveIncomeForeignCurrencyTransactionAndTranslationAdjustmentBeforeTaxPortionAttributableToParent,OtherComprehensiveIncomeLossForeignCurrencyTransactionAndTranslationAdjustmentBeforeTax,OtherComprehensiveIncomeLossNetOfTaxPortionAttributableToParent,OtherComprehensiveIncomeLossTax,OtherComprehensiveIncomeOtherNetOfTax,OtherCostAndExpenseOperating,OtherLaborRelatedExpenses,OtherLiabilitiesCurrent,OtherLongTermDebtCurrent,OtherNonrecurringIncomeExpense,OtherNotesPayableCurrent,PaymentsToAcquireEquipmentOnLease,PaymentsToAcquireOtherProductiveAssets,PaymentsToAcquireProductiveAssets,PaymentsToAcquirePropertyPlantAndEquipment,PreferredStockParOrStatedValuePerShare,PreferredStockSharesAuthorized,PreferredStockSharesIssued,PreferredStockSharesOutstanding,PreferredStockValue,ProceedsFromIssuanceOfCommonStock,ProceedsFromNotesPayable,ProceedsFromRelatedPartyDebt,ProceedsFromRepaymentsOfRelatedPartyDebt,ProfessionalAndContractServicesExpense,ProfessionalFees,ProfitLoss,PropertyPlantAndEquipmentGross,PropertyPlantAndEquipmentNet,PropertyPlantAndEquipmentOwnedGross,ProvisionForDoubtfulAccounts,RelatedPartyTransactionSellingGeneralAndAdministrativeExpensesFromTransactionsWithRelatedParty,RepaymentOfNotesReceivableFromRelatedParties,RepaymentsOfNotesPayable,RepaymentsOfRelatedPartyDebt,RetainedEarningsAccumulatedDeficit,Revenues,SalesRevenueGoodsNet,ShareBasedCompensation,StockholdersEquity,StockholdersEquityIncludingPortionAttributableToNoncontrollingInterest,StockholdersEquityNoteSubscriptionsReceivable,StockIssuedDuringPeriodSharesAcquisitions,StockIssuedDuringPeriodValueAcquisitions,StockIssuedDuringPeriodValueIssuedForServices,StockIssuedDuringPeriodValueNewIssues,StockIssuedDuringPeriodValueOther,StockIssuedDuringPeriodValueShareBasedCompensation,WeightedAverageNumberOfShareOutstandingBasicAndDiluted,WeightedAverageNumberOfSharesOutstandingBasic,NetIncomeLossAvailableToCommonStockholdersBasic,ReceivableFromOfficersAndDirectorsForIssuanceOfCapitalStock,SaleOfStockConsiderationReceivedOnTransaction
2014-12-31,2015-02-23,10-Q,STAR ALLIANCE INTERNATIONAL CORP.,STAL,CIK0001614556,USD,,,,-80.0,-8215.0,7920.0,,,12149.0,11541.0,,11541.0,11541.0,,,,,,,0.001,75000000.0,5880000.0,5000000.0,5880.0,,,,,,,,,,,,,,,,,,,0.0,,,,,,,,,,,202.0,-2381.0,0.0,,,,,,,,,,,,,,,,,0.0,,,,,,,,,,12149.0,6564.0,,,,,,,-2382.0,,,,,,,,2382.0,-2382.0,,,,,,,,,,,,6564.0,,,,,,,,,,,,,,,,,,2180.0,-2381.0,688.0,608.0,,,,,,,,0.0,,,5585.0,,,,,,,,,5000000.0,,,,
2015-03-31,2015-05-19,10-Q,STAR ALLIANCE INTERNATIONAL CORP.,STAL,CIK0001614556,USD,0.0,0.0,,-115.0,,18720.0,,,20099.0,18765.0,,18765.0,18765.0,,,,,,,0.001,75000000.0,7080000.0,5000000.0,7080.0,,,,,,,,,,,,,,,,,,,0.0,,,,,,,,,,,350.0,-4090.0,0.0,,,,,,,,,,,,,,,,,0.0,,,,,,,,,,20099.0,6604.0,,,,,,,-4090.0,,,,,,,,4090.0,-4090.0,,,,,,,,,,,,6604.0,,,,,,,,,,,,,,,,,,3740.0,,688.0,573.0,,0.0,,,,,-12305.0,0.0,,,13495.0,,,,,,,,,6322667.0,,,,
2015-06-30,2015-09-01,10-K,STAR ALLIANCE INTERNATIONAL CORP.,STAL,CIK0001614556,USD,279.0,0.0,,,,19120.0,19120.0,,12618.0,11284.0,,11284.0,11284.0,-1284.0,,,,,,0.001,75000000.0,7080000.0,7080000.0,7080.0,,,0.0,,400.0,,0.0,20465.0,,6958.0,6958.0,130.0,130.0,,1604.0,,,,0.0,,0.34,-0.34,,0.0,,,,,,400.0,,0.0,0.0,-497.0,,713.0,,,-1604.0,-1604.0,,,,,,,,,400.0,400.0,,,0.0,,,,16536.0,6883.0,12618.0,,5000.0,1604.0,,20800.0,-787.0,-18729.0,-17871.0,,,,,,5000.0,,18440.0,-17871.0,-20465.0,,,,,,,,,0.0,,,,1504.0,,,0.0,,-787.0,,,,,,20800.0,0.0,,,,16536.0,-17871.0,1334.0,1334.0,,,,0.0,,,-20465.0,569.0,569.0,,5735.0,5735.0,,,,,,,,5860274.0,7080000.0,,,
2015-09-30,2015-10-27,10-Q,STAR ALLIANCE INTERNATIONAL CORP.,STAL,CIK0001614556,USD,0.0,,,,,19226.0,,,5462.0,4202.0,,4202.0,4202.0,-7082.0,,,,,,0.001,75000000.0,7080000.0,7080000.0,7080.0,,,0.0,,106.0,,,,,,,74.0,74.0,,1453.0,,,,0.0,,,,,,,,,,,106.0,,0.0,0.0,-279.0,,0.0,,,-151.0,-151.0,,,,,,,,,106.0,106.0,,,0.0,,,,10468.0,10453.0,5462.0,,,,,4000.0,,-11082.0,-10832.0,,,,,,9000.0,,10832.0,-10832.0,,,,,,,,,,0.0,,,,258.0,,,0.0,,,,,,,,0.0,4000.0,,,,10468.0,-10832.0,,1260.0,,,,4000.0,,,-31297.0,0.0,,,-4991.0,,,,,,,,,7080000.0,7080000.0,,,
2015-12-31,2016-01-29,10-Q,STAR ALLIANCE INTERNATIONAL CORP.,STAL,CIK0001614556,USD,99.0,,,,,19407.0,,,2991.0,1804.0,,1804.0,1804.0,,,,,,,0.001,75000000.0,7080000.0,7080000.0,7080.0,,,,,,,0.0,33908.0,,11529.0,11529.0,,,,1600.0,,,0.0,0.0,0.0,,,,,,,,,,257.0,-2898.0,0.0,,,,,,,,,,,,,,,,,181.0,181.0,,,,,,,,10699.0,2991.0,,,,,,,,-2898.0,,,,,,9000.0,,2898.0,-2898.0,,,,,,,,,,,,,,,,,,,,,,,,,,,,,,2460.0,,,1187.0,,,,,,,-34195.0,0.0,,,-7708.0,,,,,,,,,7080000.0,,,,
2016-03-31,2016-04-26,10-Q,STAR ALLIANCE INTERNATIONAL CORP.,STAL,CIK0001614556,USD,99.0,,,,,19667.0,,,1456.0,343.0,,343.0,343.0,,,,,,,0.001,75000000.0,7080000.0,7080000.0,7080.0,,,,,,,0.0,39387.0,,13205.0,13205.0,221.0,,,997.0,,,,0.0,,,,,,,,,,,249.0,-5191.0,0.0,,,,,,,,,,,,,,,,,260.0,260.0,,,,,,,,14096.0,1456.0,,,,,,,,-5191.0,,,,,,13000.0,,5191.0,-5191.0,,,,,,,,-5191.0,,,,,,,,,,,,,,,,,,,,,,4682.0,,,1113.0,,,,,,,-39387.0,0.0,,,-12640.0,,,,,,,,,35400000.0,,,,
2016-06-30,2016-09-09,10-K,STAR ALLIANCE INTERNATIONAL CORP.,STAL,CIK0001614556,USD,99.0,,,455.0,,-8293.0,20027.0,,3551.0,1380.0,2626.0,1380.0,1380.0,-9904.0,,,,,,0.001,75000000.0,35400000.0,35400000.0,35400.0,,,0.0,,907.0,14879.0,,14879.0,42854.0,,14879.0,314.0,314.0,,1199.0,,1199.0,,0.0,,,,,,,,,,,1580.0,-22389.0,,,-180.0,,,,-405.0,-405.0,,,,,,,,,,,907.0,,,,,,,19902.0,19298.0,3551.0,19298.0,18000.0,1199.0,2626.0,13000.0,-1151.0,-21753.0,-22389.0,,,,,18000.0,,,22389.0,-22389.0,,,,,,,,-22389.0,,0.0,,,,1580.0,,,0.0,,1151.0,,,,,,0.0,,,,,19902.0,-22389.0,2626.0,2171.0,455.0,,,13000.0,,,-42854.0,0.0,,,-15747.0,-15747.0,,,,,,,,7080000.0,7080000.0,,,
2016-09-30,2016-10-28,10-Q,STAR ALLIANCE INTERNATIONAL CORP.,STAL,CIK0001614556,USD,99.0,,,,,,20447.0,,5307.0,3267.0,,,3267.0,1887.0,,,,,,0.001,75000000.0,7080000.0,7080000.0,7080.0,,,0.0,,420.0,,,,,,,131.0,131.0,,,,,,0.0,,,,,,,,,,,346.0,-4495.0,,,,,,,-1169.0,-1169.0,,,,,,,,,,,420.0,,,,,,,3729.0,25130.0,5307.0,,25000.0,31.0,,7000.0,,-5113.0,-4495.0,,,,,,,,4495.0,-4495.0,,,,,,,,,,0.0,,,,346.0,,,0.0,,,,,,,,0.0,,,,,3729.0,-4495.0,2040.0,,,,,7000.0,,,-47350.0,,,,,-19823.0,,,,,,,,35400000.0,7080000.0,,,
2016-12-31,2017-03-06,10-Q,STAR ALLIANCE INTERNATIONAL CORP.,STAL,CIK0001614556,USD,99.0,,,,,15141.0,,,13.0,13.0,,13.0,13.0,,,,,,,0.001,75000000.0,7080000.0,7080000.0,7080.0,,,,,,,,,,,,,,,111358.0,,30.0,-0.02,0.0,-0.02,,,,,,,,,,11132.0,-111346.0,,,,,,,,,,,,,,,,,,,,,,,,,,,136487.0,13.0,136487.0,,,,,,,-111346.0,,,,,25000.0,,,111346.0,-111346.0,,,,,,,,,,,,,,,,,,,,,,,,,,,,,,100214.0,,,,,,,,,,-158695.0,,,,-136474.0,,,,,,,,,35400000.0,,,,
2017-03-31,2017-05-15,10-Q,STAR ALLIANCE INTERNATIONAL CORP.,STAL,CIK0001614556,USD,15747.0,,,6665.0,-23572.0,272310.0,,,39730.0,19735.0,,7031.0,7031.0,,,,,,,0.001,75000000.0,35400000.0,35400000.0,35400.0,-350808.0,,,,,,,,,,,,,,200746.0,,30.0,,-0.01,,,,,,,,,,,195824.0,-327236.0,,,,,,,,,,,,,,,,,,,,225.0,225.0,,,,26660.0,,241523.0,39730.0,241523.0,,,,,,,-327236.0,225.0,225.0,,,25000.0,,,327461.0,-327461.0,,,,12704.0,-23572.0,-23572.0,,-350808.0,,,,,,,,,,,,,,,,,,,,,,131637.0,,26660.0,19995.0,,,,,,,-485931.0,,,,-201793.0,,,,,,,,,35400000.0,,,,
2017-06-30,2017-11-27,10-K,STAR ALLIANCE INTERNATIONAL CORP.,STAL,CIK0001614556,USD,,,25897.0,,,478339.0,,,,,,0.0,,-1380.0,,,,,,0.001,75000000.0,35400000.0,35400000.0,35400.0,-520661.0,285489.0,,,,183476.0,,183476.0,539636.0,,183476.0,7653.0,,,,,,,-0.01,,,,1.0,,-23879.0,,,,,253853.0,-496782.0,,,194808.0,,,27134.0,,,,,,,,27134.0,,-12904.0,,,420.0,228.0,228.0,,,,,,25897.0,,25897.0,,,,329251.0,-27081.0,-279671.0,-496782.0,228.0,-192.0,,,,,,496590.0,-496590.0,,25897.0,,,-23879.0,-23879.0,-23879.0,-520661.0,-23879.0,,,,,,,,,,27081.0,,,,,,,,,683665.0,,242737.0,,,,,,,,,635024.0,-539636.0,,,,-25897.0,,,,,,,,,35400000.0,,,,
2017-09-30,2017-12-08,10-Q,STAR ALLIANCE INTERNATIONAL CORP.,STAL,CIK0001614556,USD,,,20897.0,,,478339.0,,,,,,,,,,,,,,0.001,75000000.0,35400000.0,35400000.0,35400.0,,,,,,,,,,,,,,15171.0,,,,,0.0,,,,,,,,,,,3211.0,-36711.0,,,,,,10171.0,,,,,,,,,,,,,,,,,,,,,36068.0,,36068.0,,,,,,,-10171.0,,,,,,,,36711.0,-36711.0,,,,,,,,,,,,,,,,,,,,,,,,,,,,,,33500.0,,,,,,,,,,-549807.0,,,,-36068.0,,,,,,,,,35400000.0,,,,
2017-12-31,2018-08-22,10-Q,STAR ALLIANCE INTERNATIONAL CORP.,STAL,CIK0001614556,USD,,,30128.0,,,478339.0,,,,,,,,,,,,,,0.001,75000000.0,35400000.0,35400000.0,35400.0,,,,,,,,,,,,,,42651.0,,,,,0.0,,,,,,,,,,,3211.0,-36711.0,,,,,,,,,,,,,,,,,,,,,,,,,,,72779.0,,72779.0,,,,,,,-36711.0,,,,,,,,36711.0,-36711.0,,,,,,,,,,,,,,,,,,,,,,,,,,,,,,33500.0,,,,,,,,,,-586518.0,,,,-72779.0,,,,,,,,,35400000.0,,,,
2018-03-31,2018-10-05,10-Q,STAR ALLIANCE INTERNATIONAL CORP.,STAL,CIK0001614556,USD,,,30128.0,,,478339.0,,,,,,,,,,,,,,0.001,75000000.0,35400000.0,35400000.0,35400.0,,,,,,,,,,,,,,42651.0,,,,,0.0,,,,,,,,,,,,,,,,,,,,,,,,,,,,,,,,,,,,,,,72779.0,,72779.0,,,,,,,,,,,,,,,,,,,,,,,,,,,,,,,,,,,,,,,,,,,,,,,,,,,,,,,,-586518.0,,,,-72779.0,,,,,,,,,35400000.0,,,,
2018-06-30,2019-02-15,10-K,STAR ALLIANCE INTERNATIONAL CORP.,STAL,CIK0001614556,USD,0.0,,20182.0,,,503289.0,,0.0,300.0,,,300.0,300.0,300.0,,0.0,300.0,,,0.001,175000000.0,35450000.0,35450000.0,35450.0,-93936.0,,,,,,0.0,127772.0,-608000.0,,127772.0,,,42651.0,300.0,42651.0,300.0,,0.0,,0.21,,,,,,,,0.0,6382.0,-93936.0,0.0,0.0,0.0,,,68936.0,,,,,,,,,,,,,132.0,,,,0.0,,,,95133.0,300.0,95133.0,,,,300.0,,0.0,-93936.0,,-132.0,32000.0,,0.0,,,93804.0,-93804.0,,,,,,,,,,,,,,,32000.0,,,,,,,,,,0.0,,300.0,,87422.0,87422.0,,,,,,,,,0.0,-633572.0,,,25000.0,-94833.0,,,,,25000.0,,,,35400000.0,,,,
2018-09-30,2019-02-26,10-Q,STAR ALLIANCE INTERNATIONAL CORP.,STAL,CIK0001614556,USD,9299.0,,20585.0,,,503289.0,,,2530.0,,,2530.0,2530.0,2230.0,,,2230.0,10008.0,,0.001,75000000.0,35450000.0,35450000.0,35450.0,,,,535.0,,,,,,,,,,,15638.0,42651.0,,,0.0,,,,,,,,,,,3498.0,-22810.0,0.0,0.0,9299.0,,,3503.0,,,,,,,,,0.0,,,,403.0,,,,0.0,0.0,,,120173.0,2530.0,120173.0,,,,12238.0,0.0,-10008.0,-22810.0,,-403.0,,,32000.0,,0.0,22407.0,-22407.0,,,,,,,,,,,0.0,,,,,,,,,,,,,,0.0,,19741.0,,18909.0,12687.0,,,,,,,,0.0,7503.0,-656382.0,,,,-117643.0,,,,,,,,,35450000.0,,,,
2018-12-31,2019-03-15,10-Q,STAR ALLIANCE INTERNATIONAL CORP.,STAL,CIK0001614556,USD,14432.0,,1326.0,,,503289.0,,,204.0,,,204.0,204.0,,,,,,,0.001,75000000.0,35450000.0,35450000.0,35450.0,,,,,,,,,,,,,,,26974.0,42651.0,,,0.0,,,,,,,,,,,6108.0,-19536.0,0.0,,,,,,,,,,,,,,,,,,741.0,,,,,,,,137383.0,204.0,137383.0,,,,,,,-19536.0,,-741.0,32000.0,,20000.0,,0.0,18795.0,-18795.0,,,,,,,,,,,0.0,,,,,,,,,,,,,,,,,,12687.0,,,,,,,,,,,-675918.0,,,,-137179.0,,,,,,,,,35400000.0,,,,
2019-03-31,2019-05-20,10-Q,STAR ALLIANCE INTERNATIONAL CORP.,STAL,CIK0001614556,USD,20003.0,,2065.0,,,503289.0,,,225.0,,,225.0,225.0,,,,,,,0.001,75000000.0,35450000.0,35450000.0,35450.0,,,,,,,,,,,,,,,51124.0,42651.0,,,0.0,,,,,,,,,,,7344.0,-30439.0,0.0,,,,,,,,,,,,,,,,,,789.0,,,,,,,,167843.0,225.0,167843.0,,,,,,,-30439.0,,-789.0,32000.0,,20000.0,,0.0,29650.0,-29650.0,,,,,,,,,,,0.0,,,,,,,,,,,,,,,,,,22306.0,22306.0,,,,,,,,,,-706357.0,,,,-167618.0,,,,,,,,,35400000.0,,,,
2019-06-30,2020-01-23,10-K,STAR ALLIANCE INTERNATIONAL CORP.,STAL,CIK0001614556,USD,32692.0,,2863.0,,,551289.0,,0.0,471.0,471.0,,471.0,,,,0.0,171.0,,,0.001,175000000.0,83450000.0,83450000.0,83450.0,,,,,,,0.0,152765.0,,,152765.0,,,42651.0,,,3980.0,,0.0,,,,,,,0.0,,0.0,-48000.0,27617.0,-141882.0,0.0,0.0,43192.0,,,5781.0,,,,,,,,,0.0,,,,2731.0,,,,0.0,0.0,,,134186.0,471.0,134186.0,,,,45080.0,0.0,-44909.0,-141882.0,,-50731.0,,20000.0,20000.0,,0.0,91151.0,-91151.0,634000.0,,0.0,,,,,,,,0.0,,,,32000.0,,,,,0.001,25000000.0,,,,7000.0,0.0,72085.0,,0.0,63534.0,,,0.0,,,,,0.0,34005.0,-775454.0,,,0.0,-133715.0,,0.0,,,,7000.0,,,37817123.0,,,,
2019-09-30,2020-03-02,10-Q,STAR ALLIANCE INTERNATIONAL CORP.,STAL,CIK0001614556,USD,35935.0,,3669.0,,,558789.0,,,509739.0,2207.0,,2207.0,,,1736.0,,1736.0,,,0.001,175000000.0,90200000.0,90200000.0,90200.0,,,,,,,,,,,,,,42651.0,,,18088.0,,0.0,,,,,,,40000.0,0.0,,,17444.0,-73751.0,0.0,0.0,3243.0,,,807.0,,,,40000.0,,,3243.0,,807.0,,,,807.0,,,,0.0,11080.0,,,642343.0,509739.0,642343.0,,,,20357.0,0.0,-18621.0,-73751.0,,-807.0,,,470000.0,,35000.0,72944.0,-72944.0,,,507532.0,,,,,,,,13000.0,,,,32000.0,,,,,0.001,25000000.0,,,,56000.0,0.0,24029.0,,0.0,7500.0,,,450000.0,,,0.0,,50000.0,9672.0,-849205.0,,,,-132604.0,,,7532.0,7532.0,3080.0,56000.0,8000.0,,87990761.0,,,,
2019-12-31,2020-03-20,10-Q,STAR ALLIANCE INTERNATIONAL CORP.,STAL,CIK0001614556,USD,26799.0,,4917.0,,,665149.0,,,513347.0,5815.0,,5815.0,,,,,,,,0.001,175000000.0,94120000.0,94120000.0,94120.0,,,,,,,,,,,,,,42651.0,,,3431.0,,0.0,,,,,,,97000.0,0.0,,,38932.0,-108180.0,0.0,,,,,,,,,,,,,,,,,,1248.0,,,,,,,,695298.0,513347.0,695298.0,,,,,,,-108180.0,,-1248.0,,,488500.0,,43000.0,106932.0,-106932.0,,,507532.0,,,,,,,,15000.0,,,,32000.0,,,,,0.001,25000000.0,,,,,,,,0.0,10000.0,,,450000.0,,,0.0,,,,-957385.0,,,,-181951.0,,,,,200.0,58633.0,,,92556196.0,,,,
2020-03-31,2020-07-27,10-Q,STAR ALLIANCE INTERNATIONAL CORP.,STAL,CIK0001614556,USD,40049.0,,5868.0,,,2174660.0,,,511061.0,3529.0,,3529.0,,,,,,,,0.001,175000000.0,105713334.0,10571333.0,105714.0,,,,,,,,,,,,,,42651.0,,,5721.0,,-0.01,,,,,,,95200.0,0.0,,,738608.0,-1453533.0,0.0,,,,,,,,,,,,,,,,,,1745.0,,,,,,,,642989.0,511061.0,642989.0,,,,,,,-1453533.0,,-119745.0,,,421500.0,,45000.0,1333788.0,-1333788.0,,,507532.0,,,,,,,,441000.0,,,,32000.0,,,,,0.001,25000000.0,,,,,,,,0.0,109180.0,,,450000.0,,,0.0,,,,-2410918.0,,,,-131928.0,,9900.0,,,473760.0,70000.0,756000.0,,96781173.0,,,,
2020-06-30,2021-03-18,10-K,STAR ALLIANCE INTERNATIONAL CORP.,STAL,CIK0001614556,USD,40630.0,,8658.0,,,2382859.0,,,527590.0,20058.0,,20058.0,,,19587.0,,19587.0,,,0.001,175000000.0,107313334.0,107313334.0,107314.0,,,,,,,0.0,560650.0,,,560650.0,,,42651.0,,,2576.0,,-0.02,,,,,,,144360.0,,0.0,,75110.0,-1894320.0,0.0,0.0,7938.0,,,6591.0,,,,,,,7938.0,,6591.0,,194360.0,,4590.0,,,,0.0,493840.0,,,706575.0,527590.0,706575.0,,,,155178.0,0.0,-135591.0,-1894320.0,,-128590.0,,0.0,435700.0,,168000.0,1765730.0,-1765730.0,560650.0,,507532.0,,,,,,,,474100.0,,435700.0,,32000.0,,,,,0.001,25000000.0,0.0,0.0,1883.0,186632.0,89400.0,38700.0,,144980.0,903540.0,,,450000.0,,,0.0,,119700.0,39854.0,-2669774.0,,,,-178985.0,,9900.0,,7532.0,493840.0,186632.0,932000.0,,95935432.0,,,,
2020-09-30,2021-05-04,10-Q,STAR ALLIANCE INTERNATIONAL CORP.,STAL,CIK0001614556,USD,33305.0,,6241.0,,,2620935.0,,,512062.0,4530.0,,4530.0,,,-15528.0,,,,,0.001,175000000.0,111493334.0,111493334.0,111494.0,,,,,,,,,,,,,,42651.0,,,,,0.0,,,,,,,99076.0,3870.0,3870.0,,28893.0,-186417.0,0.0,0.0,,,,,,,,33172.0,106500.0,,-7325.0,,153.0,,33172.0,,8155.0,,,,0.0,25000.0,,,626308.0,512062.0,626308.0,,,,77559.0,0.0,-93087.0,-186417.0,,-50484.0,,,,,35000.0,135933.0,-135933.0,,,507532.0,,,,,,,,15000.0,,,,399400.0,,,,,0.001,25000000.0,,,2883.0,18000.0,106500.0,20339.0,,28350.0,25690.0,,,450000.0,,,3000.0,,58000.0,9280.0,-2856191.0,,,,-114246.0,,0.0,,,25000.0,27900.0,,68556.0,109700780.0,,,,
2020-12-31,2021-05-12,10-Q,STAR ALLIANCE INTERNATIONAL CORP.,STAL,CIK0001614556,USD,24934.0,,10124.0,,,2643629.0,,,509629.0,2097.0,,2097.0,,,,,,,,0.001,175000000.0,113299584.0,113299584.0,113300.0,,,,,,,,,,,,,,42651.0,,,,,0.0,,,,,,,135676.0,0.0,,,13906.0,-68288.0,0.0,,,,,,,,,,,,,,,,,,882.0,,,,,,,,667663.0,509629.0,667663.0,,,,,,,-68288.0,,-882.0,,,,,30000.0,67406.0,-67406.0,,,507532.0,,,,,,,,15000.0,,,,414400.0,,,,,0.001,21100000.0,,,2883.0,,,,,5000.0,2500.0,,,450000.0,,,1000.0,,,,-2924479.0,,,,-158034.0,,0.0,,,,24500.0,,,112193103.0,,-68288.0,,
2021-03-31,2021-05-21,10-Q,STAR ALLIANCE INTERNATIONAL CORP.,STAL,CIK0001614556,USD,10448.0,,14006.0,,,2697629.0,,,512065.0,4533.0,,4533.0,,,,,,,,0.001,175000000.0,119299584.0,119299584.0,119300.0,,,,,,,,,,,,,,42651.0,,,,,0.0,,,,,,,180502.0,0.0,,,18212.0,-121933.0,0.0,,,,,,,,,,,,,,,,,,882.0,,,,,,,,752032.0,512065.0,752032.0,,,,,,,-121933.0,,-882.0,,,,,45000.0,121051.0,-121051.0,,,507532.0,,,,,,,,30000.0,,,,466390.0,,,,,0.001,21100000.0,,,,,,,,5000.0,17839.0,,,450000.0,,,5000.0,,,,-3046412.0,,,,-239967.0,,20000.0,,,,40000.0,,,114625671.0,,,,
2021-06-30,2021-10-18,10-K,STAR ALLIANCE INTERNATIONAL CORP.,STAL,CIK0001614556,USD,18378.0,,12888.0,,,2793609.0,,,514321.0,6789.0,,6789.0,,,-13269.0,,,,0.0,0.001,175000000.0,124319584.0,124319584.0,124320.0,,,,,,,0.0,666300.0,,,666300.0,,,42651.0,,,,,0.0,,,,,,,171370.0,,3870.0,,94508.0,-503017.0,0.0,0.0,,,,,,,,,,,-22253.0,,6800.0,,95566.0,,10800.0,,,,0.0,25000.0,,,744667.0,514321.0,744667.0,,,,342305.0,0.0,-355574.0,-503017.0,,-53130.0,,,,,155000.0,449887.0,-449887.0,666300.0,,507532.0,,,,,,,,90000.0,,467380.0,,32000.0,,,,,0.001,25000000.0,0.0,0.0,2883.0,129400.0,288500.0,53433.0,,57029.0,38350.0,,,450000.0,,,15000.0,,98020.0,31008.0,-3172791.0,,,,-230346.0,,20000.0,,,25000.0,129400.0,,68556.0,114938142.0,,,,
2021-09-30,2021-11-15,10-Q,STAR ALLIANCE INTERNATIONAL CORP.,STAL,CIK0001614556,USD,20685.0,,16770.0,,,3387815.0,,,524198.0,16666.0,,0.0,,,-6789.0,,,,0.0,0.001,175000000.0,135114028.0,135114028.0,135114.0,,,,,,,,,,,,,,42651.0,112380.0,,,,0.0,,,,,,,243502.0,0.0,0.0,,9062.0,-88444.0,0.0,0.0,,,,,,,,,,,2308.0,,3882.0,,72131.0,,882.0,,,,0.0,3334.0,,,822988.0,524198.0,822988.0,,,,0.0,,-6789.0,-88444.0,,-882.0,,,,,45000.0,87562.0,-87562.0,,,507532.0,,,,,,,,30000.0,,467380.0,,32000.0,,,,,0.001,25000000.0,0.0,0.0,,0.0,0.0,0.0,,0.0,2000.0,,,450000.0,,,1500.0,,0.0,0.0,-3261235.0,,,,-298790.0,,570000.0,,,20000.0,,,,134134403.0,,,,
2021-12-31,2022-02-17,10-Q,STAR ALLIANCE INTERNATIONAL CORP.,STAL,CIK0001614556,USD,23747.0,,20852.0,,,6849253.0,,,5272929.0,4765397.0,,10293.0,,,,,,,,0.001,175000000.0,137976028.0,137976028.0,137976.0,,,,,,,,,,,,,,42651.0,112380.0,,,,0.0,,,,,,,303641.0,0.0,,,1039338.0,-1316402.0,0.0,,,,,,,,,,,,,,,,,,1182.0,,,,,,,,894821.0,5272929.0,894821.0,,,,,,,-1316402.0,,-1182.0,,,,,45000.0,1315220.0,-1315220.0,,,507532.0,,,,,,,,30000.0,,447380.0,,32000.0,,,,,0.001,25000000.0,0.0,0.0,,,,,,188362.0,11020.0,,,450000.0,,,1500.0,,,,-4577637.0,,,,4378108.0,,60000.0,,,5954300.0,39000.0,,,134853791.0,,-1316402.0,60000.0,
