end,filed,form,Name,Ticker,CIK,Currency,AccountsPayableAndAccruedLiabilitiesCurrent,AccountsReceivableNetCurrent,AccruedPayrollTaxesCurrent,AccruedSalariesCurrentAndNoncurrent,AccumulatedOtherComprehensiveIncomeLossNetOfTax,AdditionalPaidInCapital,AdditionalPaidInCapitalCommonStock,AdjustmentsToAdditionalPaidInCapitalWarrantIssued,AdministrativeFeesExpense,AdvancesToAffiliate,AntidilutiveSecuritiesExcludedFromComputationOfEarningsPerShareAmount,Assets,AssetsCurrent,AssetsNet,CapitalLeaseObligationsCurrent,CashAndCashEquivalentsAtCarryingValue,CashAndCashEquivalentsPeriodIncreaseDecrease,CashEquivalentsAtCarryingValue,CommitmentsAndContingencies,CommonStockCapitalSharesReservedForFutureIssuance,CommonStockDividendsPerShareDeclared,CommonStockParOrStatedValuePerShare,CommonStockSharesAuthorized,CommonStockSharesIssued,CommonStockSharesOutstanding,CommonStockSharesSubscriptions,CommonStockValue,ComprehensiveIncomeNetOfTax,ConversionOfStockAmountConverted1,ConversionOfStockAmountIssued1,ConversionOfStockSharesConverted1,ConvertibleDebt,ConvertibleDebtCurrent,ConvertibleDebtNoncurrent,ConvertibleNotesPayable,ConvertiblePreferredStockSharesIssuedUponConversion,CostOfGoodsAndServicesSold,CostOfGoodsSold,CostOfServices,DebtConversionConvertedInstrumentAmount1,DebtConversionConvertedInstrumentSharesIssued1,DebtConversionConvertedInstrumentWarrantsOrOptionsIssued1,DebtConversionOriginalDebtAmount1,DebtCurrent,DebtInstrumentConvertibleIfConvertedValueInExcessOfPrincipal,DebtInstrumentConvertibleThresholdTradingDays,DebtInstrumentFaceAmount,DebtInstrumentFairValue,DebtSecuritiesTradingUnrealizedLoss,DeferredRevenueCurrent,DeferredTaxAssetsNet,DeferredTaxAssetsOperatingLossCarryforwards,DeferredTaxAssetsValuationAllowance,DepositsAssetsNoncurrent,Depreciation,DerivativeGainLossOnDerivativeNet,DueFromRelatedPartiesCurrent,DueToRelatedPartiesCurrent,DueToRelatedPartiesCurrentAndNoncurrent,EarningsPerShareBasic,EarningsPerShareBasicAndDiluted,EffectiveIncomeTaxRateReconciliationAtFederalStatutoryIncomeTaxRate,EffectOfExchangeRateOnCashAndCashEquivalents,EmployeeRelatedLiabilitiesCurrent,EquityIssuancePerShareAmount,FairValueAdjustmentOfWarrants,FairValueOptionChangesInFairValueGainLoss1,GasImbalanceAssetLiability,GeneralAndAdministrativeExpense,GoodwillImpairmentLoss,GrossProfit,IncomeLossFromContinuingOperationsBeforeIncomeTaxesDomestic,IncomeLossFromContinuingOperationsBeforeIncomeTaxesExtraordinaryItemsNoncontrollingInterest,IncomeLossFromContinuingOperationsPerBasicAndDilutedShare,IncomeTaxExpenseBenefit,IncomeTaxesPaid,IncomeTaxReconciliationChangeInDeferredTaxAssetsValuationAllowance,IncomeTaxReconciliationIncomeTaxExpenseBenefitAtFederalStatutoryIncomeTaxRate,IncreaseDecreaseInAccountsPayable,IncreaseDecreaseInAccountsPayableAndAccruedLiabilities,IncreaseDecreaseInAccountsReceivable,IncreaseDecreaseInAccruedIncomeTaxesPayable,IncreaseDecreaseInAccruedLiabilities,IncreaseDecreaseInDeferredRevenue,IncreaseDecreaseInDueFromEmployeeCurrent,IncreaseDecreaseInEmployeeRelatedLiabilities,IncreaseDecreaseInNotesReceivableRelatedParties,IncreaseDecreaseInOtherOperatingLiabilities,IncreaseDecreaseInPrepaidExpense,IncreaseDecreaseInSecurityDeposits,InterestExpense,InterestIncomeExpenseNet,InterestOnConvertibleDebtNetOfTax,InterestPaid,InterestPaidNet,IssuanceOfStockAndWarrantsForServicesOrClaims,LeaseAndRentalExpense,LegalFees,Liabilities,LiabilitiesAndStockholdersEquity,LiabilitiesCurrent,LoansPayable,LoansPayableCurrent,LongTermDebt,LongTermDebtCurrent,LongTermLoansPayable,LongTermNotesPayable,NetCashProvidedByUsedInFinancingActivities,NetCashProvidedByUsedInFinancingActivitiesContinuingOperations,NetCashProvidedByUsedInInvestingActivitiesContinuingOperations,NetCashProvidedByUsedInOperatingActivities,NetCashProvidedByUsedInOperatingActivitiesContinuingOperations,NetIncomeLoss,NonoperatingIncomeExpense,NotesAndLoansPayable,OperatingExpenses,OperatingIncomeLoss,OperatingLeasesFutureMinimumPaymentsDue,OperatingLeasesFutureMinimumPaymentsDueCurrent,OperatingLeasesFutureMinimumPaymentsDueInThreeYears,OperatingLeasesFutureMinimumPaymentsDueInTwoYears,OperatingLeasesFutureMinimumPaymentsReceivable,OperatingLeasesFutureMinimumPaymentsRemainderOfFiscalYear,OperatingLeasesRentExpenseNet,OperatingLossCarryforwards,OtherAssetImpairmentCharges,OtherAssets,OtherComprehensiveIncomeForeignCurrencyTransactionAndTranslationGainLossArisingDuringPeriodNetOfTax,OtherComprehensiveIncomeLossNetOfTaxPortionAttributableToParent,OtherExpenses,OtherLiabilitiesCurrent,OtherLoansPayableCurrent,OtherLongTermNotesPayable,OtherNonoperatingExpense,OtherNonoperatingIncome,OtherNonoperatingIncomeExpense,OtherSellingGeneralAndAdministrativeExpense,PaymentsForProceedsFromDepositOnLoan,PaymentsForRepurchaseOfWarrants,PaymentsOfFinancingCosts,PaymentsToExploreAndDevelopOilAndGasProperties,PaymentsToFundLongtermLoansToRelatedParties,PreferredStockParOrStatedValuePerShare,PreferredStockSharesAuthorized,PreferredStockSharesIssued,PreferredStockSharesOutstanding,PreferredStockValue,PrepaidExpenseCurrent,ProceedsFromConvertibleDebt,ProceedsFromIssuanceOfCommonStock,ProceedsFromIssuanceOfWarrants,ProceedsFromIssuanceOrSaleOfEquity,ProceedsFromRelatedPartyDebt,ProceedsFromRepaymentsOfNotesPayable,ProductionCosts,ProfessionalFees,PropertyPlantAndEquipmentAdditions,PropertyPlantAndEquipmentNet,RelatedPartyTransactionExpensesFromTransactionsWithRelatedParty,RelatedPartyTransactionSellingGeneralAndAdministrativeExpensesFromTransactionsWithRelatedParty,RepaymentsOfConvertibleDebt,RepaymentsOfRelatedPartyDebt,RetainedEarningsAccumulatedDeficit,Revenues,SaleOfStockPricePerShare,SalesRevenueNet,ShareBasedCompensation,ShareBasedCompensationArrangementByShareBasedPaymentAwardNumberOfSharesAuthorized,SharesIssuedPricePerShare,StockholdersEquity,StockholdersEquityNoteStockSplitConversionRatio1,StockIssued1,StockIssuedDuringPeriodSharesIssuedForCash,StockIssuedDuringPeriodSharesNewIssues,StockIssuedDuringPeriodValueConversionOfConvertibleSecurities,StockIssuedDuringPeriodValueIssuedForCash,StockIssuedDuringPeriodValueIssuedForServices,StockIssuedDuringPeriodValueNewIssues,StockIssuedDuringPeriodValueOther,StockIssuedDuringPeriodValueRestrictedStockAwardGross,StockIssuedDuringPeriodValueShareBasedCompensationForfeited,StockIssuedDuringPeriodValueStockOptionsExercised,StockRepurchasedDuringPeriodValue,TaxesPayableCurrent,WeightedAverageLimitedPartnershipUnitsOutstandingDiluted,WeightedAverageNumberOfShareOutstandingBasicAndDiluted,WeightedAverageNumberOfSharesOutstandingBasic,StockholdersEquityNoteSubscriptionsReceivable
2015-01-31,2015-03-23,10-Q,MIRAGE ENERGY CORPORATION,MRGE,CIK0001623360,USD,8503.0,,,,-634.0,,10570.0,,,,,7720.0,,,,7720.0,,,,,,0.001,75000000.0,5000000.0,5000000.0,,5000.0,-5250.0,,,,,,,,,2419.0,2419.0,,,,,,,,,,,,,,5344.0,5344.0,,,,,,,,0.0,,,,,,,,2445.0,,3099.0,,-4628.0,,,,,,,,,,,,,,,,,,,,,,,,,,,7720.0,8503.0,,,,,,,,,,,,-4628.0,,,7727.0,,,,,,,,,15719.0,,,-622.0,,,,,,,,,2445.0,,,,,,,,,,,,,,,,,,,5282.0,,,,,,,-15719.0,5518.0,,5518.0,,,0.002,-783.0,,,,,,,,,,,,,,,,5000000.0,,
2015-04-30,2015-06-15,10-Q,MIRAGE ENERGY CORPORATION,MRGE,CIK0001623360,USD,2713.0,3755.0,,,-214.0,,60237.0,,,,,48034.0,,,,44279.0,,,,,,0.001,75000000.0,8333346.0,8333346.0,,8333.0,-6896.0,,,,,,,,,1762.0,1762.0,,,,,,,,,,,,,,-7832.0,-7832.0,,,,,,,,0.0,,,,,,,,4612.0,,2082.0,,-7316.0,,,,,,,,,,,,,,,,,,,,,,,,,,,48034.0,2713.0,,,,,,,,,,,,-7316.0,,,9398.0,,,,,,,,,23035.0,,,420.0,,,,,,,,,,,,,,,,,,,,,,,,,,,,4786.0,,,,,,,-23035.0,3844.0,,3844.0,,,0.002,45321.0,,,,,,,,,,,,,,,,5037453.0,,
2015-07-31,2015-10-29,10-K,MIRAGE ENERGY CORPORATION,MRGE,CIK0001623360,USD,2050.0,0.0,,,-830.0,,63237.0,,7560.0,,,26253.0,26253.0,,,26253.0,21328.0,,,,,0.001,75000000.0,8333346.0,8333346.0,,8333.0,-53001.0,,,,,,,,,9107.0,,12000.0,,,,,,,,,,,,,15823.0,15823.0,,,,,,,,-0.01,0.34,-830.0,,,,,,14197.0,,6728.0,,-52171.0,,,,14339.0,-14339.0,,-2241.0,,,,,,,,10000.0,,,,,,,,11570.0,,,,26253.0,12050.0,,,,,,,,55000.0,,,-32842.0,-52171.0,-10000.0,,48899.0,,,,,,,,,46537.0,,,-830.0,,10000.0,10000.0,,,,,,,,,,,,,,,,,,,55000.0,,,,,4440.0,34702.0,,,,,,,-56537.0,,,15835.0,,,0.002,-34263.0,,,,,,,11570.0,,,,,,,10000.0,,5465757.0,,
2015-10-31,2015-12-14,10-Q,MIRAGE ENERGY CORPORATION,MRGE,CIK0001623360,USD,7111.0,13720.0,,,-1821.0,,63237.0,,,,,28790.0,,,,15070.0,-11183.0,,,,,0.001,75000000.0,8333346.0,8333346.0,,8333.0,-2524.0,,,,,,,,,10649.0,,,,,,,,,,,,,,,,,,,,,,6661.0,,0.0,,-991.0,,,,,,1964.0,,8496.0,,-1533.0,,,,,,,-13720.0,-13720.0,,,,,,,5061.0,,,,,,,,,,,,28790.0,17111.0,,,,,,,,,,,-10192.0,-1533.0,,,10029.0,,,,,,,,,,,,-991.0,,,10000.0,,,,,,,,,,,,,,,,,,,,,,,,,8065.0,,,,,,,-58070.0,,,19145.0,,,,11679.0,,,,,,,,,,,,,,,,300000456.0,,
2016-01-31,2016-03-10,10-Q,MIRAGE ENERGY CORPORATION,MRGE,CIK0001623360,USD,10228.0,,,,-1524.0,,63237.0,,,,,8913.0,,,,8913.0,,,,,,0.001,75000000.0,8333346.0,8333346.0,,8333.0,-80708.0,,,,,,,,,1689.0,,,,,,,,,,,,,,,,,,,,,,,,-0.01,,,,,,,,79310.0,,195.0,,-80708.0,,,,,,,,,,,,,,,,,,,,,,,,,,,8913.0,10228.0,,,,,,,,,,,,-80708.0,,,80708.0,-80708.0,,,,,,,,,,,-682.0,,,,,,1067.0,10000.0,,,,,,,,,,,,,,,,,,,,,1398.0,,,,,,,-71361.0,,,1884.0,,,,-1315.0,,,,,,,,,,,,,,,,13232283.0,,
2016-04-30,2016-06-14,10-Q,MIRAGE ENERGY CORPORATION,MRGE,CIK0001623360,USD,12599.0,353.0,,,-1333.0,,63237.0,,,,,7972.0,,,,200.0,,,,,,0.001,75000000.0,8333346.0,8333346.0,,8333.0,-89180.0,,,,,,,,,200.0,,,,,,,,,,,,,711.0,,,,,,,,,,,0.0,,,,,,,,82370.0,,723.0,,-89180.0,,,,,,,,,,,,,,,,,,17.0,,,,,,,,,7972.0,13310.0,,,,,,,,,,,,-89180.0,-17.0,,89163.0,-89163.0,,,,,,,,,,,191.0,,,,,,,,,,,,,,,,,,,,2075.0,,,,,,,,6793.0,,,,,,,-75575.0,,,923.0,,,,-5338.0,,,,,,,,,,,,,,,,38910915.0,,
2016-07-31,2016-10-31,10-K,MIRAGE ENERGY CORPORATION,MRGE,CIK0001623360,USD,142896.0,0.0,,,-11.0,,6215.0,,,,,192163.0,99024.0,,,76165.0,76165.0,,,,,0.001,900000000.0,127864000.0,127864000.0,,127864.0,-410672.0,,,,,,,,,24335.0,,,,,,,50000.0,,,,,,,,80180.0,80180.0,6920.0,132.0,,20000.0,50000.0,,,-0.02,0.34,-11.0,303750.0,,,,78445.0,397639.0,,4225.0,,-410661.0,,,,-27261.0,27261.0,74517.0,16715.0,1760.0,-10000.0,616.0,,,337250.0,,,2859.0,-6920.0,867.0,,,867.0,,,,,496646.0,192163.0,496646.0,,,,50000.0,,,,190452.0,-86351.0,,-27925.0,-410661.0,-867.0,,409794.0,-409794.0,,,,,,,,73000.0,,85365.0,-11.0,,,,,50000.0,,,,,,,,,,0.001,10000000.0,10000000.0,10000000.0,10000.0,2859.0,,,,,190452.0,,,12155.0,-7906.0,7774.0,6122.0,5759.0,,,-448551.0,,,28560.0,,,,-304483.0,,,,,,,,,,,,,,,,20577810.0,,
2016-10-31,2016-12-21,10-Q,MIRAGE ENERGY CORPORATION,MRGE,CIK0001623360,USD,32573.0,1713.0,,,-1465.0,,-228430.0,,,,,4380.0,4380.0,,,15971.0,-60194.0,,,,,0.001,900000000.0,300000456.0,300000456.0,,300000.0,-206443.0,,,,,,,,,2061.0,,,,,,,,,,,,,,,,,,396.0,,,,,,0.0,,-67.0,,,,,,190926.0,,-92.0,,-206443.0,,,,,,-45015.0,13808.0,-49.0,,15004.0,,,153750.0,22409.0,6998.0,8378.0,,1029.0,,,1029.0,,,,,39571.0,4380.0,39571.0,,,,,,,,85000.0,-44508.0,,-100686.0,-206443.0,-1029.0,,205414.0,-205414.0,,,,,,,,,,,457.0,,,6998.0,,,,,,,,,,,,,,,,,,,,,,85000.0,,,14488.0,,,,,,,-105296.0,,,1969.0,,,,-35191.0,,,,,,,,,,,,,,,,127864141.0,,
2017-01-31,2017-03-30,10-Q,MIRAGE ENERGY CORPORATION,MRGE,CIK0001623360,USD,346098.0,,14722.0,,-1026.0,,-216209.0,,,14610.0,,157859.0,46066.0,,,863.0,,,,,,0.001,900000000.0,310000456.0,310000456.0,,310000.0,-274760.0,,,,,,,,,,,,,,,,,,,,,,,,,,6920.0,,,44610.0,184100.0,,,0.0,,,453472.0,,,,97494.0,248979.0,,,,-274760.0,,,,,,,,,,,,,,,,,,2080.0,,,,,,,,984331.0,157859.0,984331.0,,182600.0,,,,,,,,,,-274760.0,-2080.0,,272680.0,-272680.0,,,,,,,,,,104414.0,,,,661.0,,,,,,,,,,,,0.001,10000000.0,10000000.0,10000000.0,10000.0,593.0,,,,,,,,23701.0,,7379.0,,,,,-929237.0,,,,,,,-826472.0,,,,,,,,,,,,,,,,134793104.0,,
2017-04-30,2017-06-23,10-Q,MIRAGE ENERGY CORPORATION,MRGE,CIK0001623360,USD,274709.0,,31076.0,,-100.0,,66101.0,,,42000.0,,133423.0,7420.0,,,477.0,,,,,,0.001,900000000.0,310190456.0,310190456.0,,,-508902.0,,,,,,,,200000000.0,,,,,,,,,,,,,,,,,,6920.0,,,,219744.0,,,0.0,,,691326.0,,,,112495.0,467278.0,,,,-508802.0,,,,,,,,,,,,,,,,,,3014.0,,,,,,,,1185779.0,133423.0,1185779.0,,187600.0,,,,,,,,,,-508802.0,-3014.0,,505788.0,-505788.0,,,,,,,,,,119415.0,-100.0,-100.0,,,,,,,,,,,,,,0.001,10000000.0,10000000.0,10000000.0,10000.0,6943.0,,,,,,,,38510.0,,6588.0,,,,,-1438547.0,,,,,,,-1052356.0,,,,,,,,,,,,,,,,310152928.0,,
2017-07-31,2017-11-30,10-K,MIRAGE ENERGY CORPORATION,MRGE,CIK0001623360,USD,337384.0,0.0,35803.0,,-100.0,,66101.0,,,,,26448.0,13335.0,,,11776.0,-64389.0,,25000.0,,,0.001,900000000.0,310190456.0,310190456.0,,310190.0,-1394807.0,,,,33000.0,33000.0,,33000.0,200000000.0,,,,,,,,291678.0,,180.0,,,,,,270941.0,270941.0,6921.0,1582.0,,,208678.0,,,-0.01,0.34,-89.0,854553.0,,,,,1295389.0,122494.0,,,-1394807.0,,,,-243020.0,243020.0,143728.0,,,,,,,576157.0,,,-42617.0,,-9160.0,,,961.0,961.0,,,,1483615.0,26448.0,1433615.0,50000.0,187600.0,50000.0,241678.0,,50000.0,266663.0,266663.0,,-330963.0,-330963.0,-1394807.0,9160.0,,1385647.0,-1385647.0,157314.0,,,,157314.0,,79163.0,796885.0,122494.0,6921.0,-89.0,,,,21078.0,187600.0,,,,,-50000.0,,,,,0.001,10000000.0,10000000.0,10000000.0,10000.0,1559.0,33000.0,262500.0,,20000.0,202400.0,,,90258.0,,6192.0,,,,38737.0,-1843358.0,,,,262500.0,,,-1457167.0,,,,,,,,,,,,,,,,221761887.0,,
2017-10-31,2017-12-20,10-Q,MIRAGE ENERGY CORPORATION,MRGE,CIK0001623360,USD,369627.0,,42377.0,,-100.0,,66101.0,,,,,14779.0,2061.0,,,748.0,-11028.0,,10000.0,,,0.001,900000000.0,310190456.0,310190456.0,,310190.0,-263502.0,,,,71000.0,33000.0,38000.0,,,,,,,,,,335694.0,,,182600.0,,,,,,,6921.0,395.0,,,214694.0,,,0.0,,,1030127.0,,,,,227882.0,,,,-263502.0,,,,,,36416.0,,,,14247.0,,,161327.0,,,246.0,,5138.0,,,641.0,641.0,,,,1735448.0,14779.0,1685448.0,50000.0,,50000.0,285694.0,,50000.0,39843.0,39843.0,,-50871.0,-50871.0,-263502.0,-5138.0,,258364.0,-258364.0,137059.0,67854.0,,,,69205.0,,,,6921.0,,,,,32094.0,182600.0,,,,,,,,,,0.001,10000000.0,10000000.0,10000000.0,10000.0,1313.0,38000.0,,,,14200.0,,,30482.0,,5797.0,,,,-12357.0,-2106860.0,,,,,,,-1720669.0,,,,,,,,,,,,,,,,310190456.0,,
2018-01-31,2018-04-30,10-Q,MIRAGE ENERGY CORPORATION,MRGE,CIK0001623360,USD,440196.0,,44958.0,1113000.0,-100.0,,193116.0,,,,,55109.0,42786.0,,,41008.0,,,,200000000.0,,0.001,900000000.0,314663348.0,314663348.0,,314663.0,-436468.0,,,,210676.0,,,,10000000.0,,,,88988.0,,,,482604.0,,,,,,,,,,6921.0,,,,221928.0,,,0.0,,,1157958.0,,,,,311730.0,,,,-436468.0,,,,,,,,,,,,,,,,,,109652.0,,,,,,,,2080758.0,55109.0,2030758.0,50000.0,,50000.0,432604.0,,,,,,,,-436468.0,-109652.0,,326816.0,-326816.0,116805.0,33759.0,,,,83046.0,,,,6921.0,,,,,39328.0,,,,,,,,,,,0.001,10000000.0,10000000.0,10000000.0,10000.0,1778.0,,,,,,,,15086.0,,5402.0,,,,,-2543328.0,,,,,,,-2025649.0,,,,,,,42500.0,,,,,,,,,310904153.0,,
2018-04-30,2018-06-20,10-Q,MIRAGE ENERGY CORPORATION,MRGE,CIK0001623360,USD,422598.0,,47317.0,1238250.0,-100.0,,325146.0,,,,,17650.0,5722.0,,,5182.0,,,,200000000.0,,0.001,900000000.0,324516064.0,324516064.0,,324516.0,-343470.0,,,,243000.0,,,,10000000.0,,,,116883.0,,,,536721.0,,,,,,,,,,6921.0,,,,165877.0,,0.0,0.0,,,1285567.0,,,,,208854.0,,,,-343470.0,,,,,,,,,,,,,,,,,,115227.0,,,,,,,,2244886.0,17650.0,2194886.0,50000.0,77844.0,50000.0,486721.0,,,,,,,,-343470.0,-115227.0,,228243.0,-228243.0,96548.0,13503.0,,,,83045.0,,,,6921.0,,,,,,,,,,,,,,,,0.001,10000000.0,10000000.0,10000000.0,10000.0,540.0,,,,,,,,19389.0,,5007.0,,,,,-2886798.0,,,,,,,-2227236.0,,,,,,,,25000.0,,,,,,,,316567075.0,316567075.0,
2018-07-31,2018-12-24,10-K,MIRAGE ENERGY CORPORATION,MRGE,CIK0001623360,USD,479964.0,,49676.0,1363500.0,-100.0,580540.0,580540.0,,,,,27318.0,15786.0,,,13480.0,1704.0,,,,,0.001,900000000.0,342628540.0,342628540.0,,342628.0,-1495687.0,473767.0,473767.0,,257206.0,,,206000.0,200000000.0,,,,,31088084.0,,,540155.0,,,,,308180.0,,,770072.0,-770072.0,6921.0,1581.0,308180.0,,155105.0,,,0.0,0.21,,1413176.0,,,,,970090.0,,,,-1495687.0,,,,-161715.0,161715.0,265149.0,288315.0,,,23166.0,,,544750.0,,,-747.0,,38972.0,,,3394.0,3394.0,48110.0,,,2433295.0,27318.0,2383295.0,50000.0,77844.0,50000.0,490155.0,,,223702.0,,,-221998.0,,-1495687.0,430652.0,,1065035.0,-1065035.0,83045.0,83045.0,,,83045.0,,82178.0,1565017.0,,6921.0,,,430652.0,,2229.0,,,,,,,,,,,0.001,10000000.0,10000000.0,10000000.0,10000.0,2306.0,279000.0,48110.0,,,40100.0,77844.0,,94945.0,,4611.0,,,,-95398.0,-3339045.0,,0.0187,,,300000.0,,-2405977.0,,453201.0,,,,,48110.0,25000.0,,,,,,,,318339344.0,,
2018-10-31,2019-02-11,10-Q,MIRAGE ENERGY CORPORATION,MRGE,CIK0001623360,USD,549340.0,,52034.0,1488750.0,-100.0,,791566.0,,,,,25258.0,14121.0,,,11426.0,-2054.0,,,,,0.001,900000000.0,354320042.0,354320042.0,,354320.0,-406896.0,,,,291546.0,,,229500.0,,,,,217503.0,,,,525289.0,,,,,,,,,,6921.0,395.0,142420.0,,105899.0,,,0.0,,,1540784.0,,,142976.0,,212677.0,,,,-406896.0,,,,,,84411.0,,,,2580.0,,,127608.0,,,-389.0,,11940.0,,,,2539.0,,,9500.0,2615413.0,25258.0,2565413.0,50000.0,77844.0,,475289.0,,,38317.0,,,-40371.0,,-406896.0,-154916.0,,251980.0,-251980.0,56028.0,56028.0,,,,,21010.0,,,6921.0,,,154916.0,,523.0,,,,,,,,,,,0.001,10000000.0,10000000.0,10000000.0,10000.0,2695.0,91500.0,,,,,,,39303.0,,4216.0,,,,-53183.0,-3745941.0,,,,,,,-2590155.0,,217503.0,,,222718.0,,,,,,,,,,,349799576.0,,
2019-01-31,2019-03-27,10-Q,MIRAGE ENERGY CORPORATION,MRGE,CIK0001623360,USD,618467.0,,55230.0,,-100.0,,911566.0,,,,,79560.0,68818.0,,,66801.0,,,,,,0.001,900000000.0,359320042.0,359320042.0,,359320.0,-2359855.0,,,,2440131.0,,,276500.0,,,,,,,,,2616872.0,,,,,,,,,,6921.0,,,,48897.0,,,-0.01,,,1669230.0,,,-1834336.0,,222004.0,,,-2359855.0,-2359855.0,,,,,,,,,,,,,,,,,,20878.0,,,,,,,,4904569.0,79560.0,4854569.0,50000.0,77844.0,,2566872.0,,,,,,,,-2359855.0,-2122464.0,,237391.0,-237391.0,35015.0,35015.0,,,,,,,,6921.0,,,2122464.0,,20.0,,,,,,,,,,,0.001,10000000.0,10000000.0,10000000.0,10000.0,2017.0,,,,,,,,15387.0,,3821.0,,,,,-6105795.0,,,,,,,-4825009.0,,,,,,,,125000.0,,,,,,,,354817868.0,,
2019-04-30,2019-06-24,10-Q,MIRAGE ENERGY CORPORATION,MRGE,CIK0001623360,USD,601554.0,,57589.0,,-100.0,,2165357.0,,,,,46565.0,36219.0,,,33439.0,,,,,,0.001,900000000.0,394409327.0,394409327.0,,394409.0,668733.0,,,,387726.0,,,88000.0,,,,,,,,,515570.0,,,,,,,,,,6921.0,,,,,,0.0,0.0,,,1796838.0,,,-953852.0,,220655.0,,,668733.0,668733.0,0.0,,,,,,,,,,,,,,,,,-914295.0,39557.0,,,,,,,2926943.0,46565.0,2913962.0,50000.0,77844.0,,465570.0,,,,,,,,668732.0,914295.0,,245562.0,-245562.0,14066.0,14066.0,,,,,,,,6921.0,,,,,,,,,-914295.0,,,,,,,0.001,10000000.0,10000000.0,10000000.0,10000.0,2780.0,,,,,,,,24907.0,,3425.0,,,,,-5437063.0,,,,,,,-2867397.0,,,,,1118900.0,,,169980.0,,,,,,,369364648.0,367662091.0,367662091.0,
2019-07-31,2020-02-24,10-K,MIRAGE ENERGY CORPORATION,MRGE,CIK0001623360,USD,660352.0,,59947.0,1801989.0,-100.0,2986180.0,,,,,,82167.0,72216.0,82167.0,247432.0,70456.0,56976.0,70456.0,,,,0.001,900000000.0,406886489.0,406886489.0,0.0,406886.0,,,1663929.0,,580754.0,,,239500.0,,,,,,31088084.0,,,709661.0,,,,,1381885.0,,0.0,977833.0,-977833.0,6921.0,1581.0,1381885.0,,,,,-0.01,0.21,,1801989.0,,13191.0,1381885.0,,1376055.0,,,-3213703.0,,,0.0,,-141537.0,141537.0,,249441.0,,,,,,448760.0,,,546.0,,50141.0,50141.0,,28145.0,28145.0,466800.0,,30500.0,3231949.0,82167.0,3230886.0,1063.0,127844.0,1063.0,708598.0,1063.0,,392225.0,,,-335249.0,,-3213703.0,,1063.0,1482736.0,-1482736.0,247432.0,77620.0,84906.0,84906.0,247432.0,,83974.0,977833.0,,6921.0,,,1730967.0,,1063.0,,,,1730967.0,,,,,,,0.001,10000000.0,10000000.0,10000000.0,10000.0,1760.0,329500.0,,,325978.0,0.0,,,106681.0,,3030.0,,,83250.0,180003.0,-6552748.0,,,,466800.0,,,-3149782.0,,,,,,,,325978.0,,,,,,,,371940721.0,,
2019-10-31,2020-05-11,10-Q,MIRAGE ENERGY CORPORATION,MRGE,CIK0001623360,USD,718730.0,,,,-100.0,3414839.0,,6595.0,,,,225698.0,216142.0,,,212347.0,141891.0,,,4830016.0,,0.001,900000000.0,417413478.0,417413478.0,,417413.0,-427157.0,121500.0,,5143512.0,663229.0,,,121500.0,,,,,320813.0,,,352591.0,796793.0,,,,,,,,,,6921.0,395.0,106263.0,,,9575.0,,0.0,,,1852875.0,,,106263.0,,262975.0,,,-427157.0,-427157.0,,,,,,66663.0,58088.0,,,5250.0,,,-9061.0,,,-2035.0,,17628.0,17628.0,31778.0,,134.0,0.0,5250.0,32648.0,3363451.0,225698.0,3362678.0,127844.0,,773.0,796020.0,,,368925.0,,,-227034.0,,-427157.0,,773.0,303266.0,-303266.0,226332.0,56520.0,84906.0,84906.0,,,21100.0,,,6921.0,,-427157.0,123891.0,,0.0,,,,123891.0,,,3697.0,,,,0.001,10000000.0,10000000.0,10000000.0,10000.0,3795.0,297500.0,,,80000.0,1000.0,,,40291.0,,2635.0,,,,9575.0,-6979905.0,,,,,,,-3137753.0,,,,,352591.0,,,80000.0,6595.0,,0.0,0.0,,,,411501009.0,,
2020-01-31,2020-07-10,10-Q,MIRAGE ENERGY CORPORATION,MRGE,CIK0001623360,USD,770816.0,,,,-100.0,3557639.0,,,,,,115032.0,105872.0,,,104005.0,,,,11855614.0,,0.001,900000000.0,421613478.0,421613478.0,,421613.0,-767039.0,,,,1167963.0,,,239500.0,,,,,,,,,1300360.0,,,,,,,,,,6921.0,,,,,,,0.0,,,1804945.0,,,503085.0,,222983.0,,,-767039.0,,,,,,,,,,,,,,,,,,,25416.0,25416.0,,,,,,,3872824.0,115032.0,3871568.0,1256.0,127844.0,1256.0,1299104.0,,,,,,,,-767039.0,,,238538.0,-238538.0,205189.0,35377.0,84906.0,84906.0,,,,,,6921.0,,-767039.0,528501.0,,,,,,528501.0,,,,,,,0.001,10000000.0,10000000.0,10000000.0,10000.0,1867.0,,,,,,,,15555.0,,2239.0,,,,,-7746944.0,,,,,,,-3757792.0,,,,,,,,147000.0,,,,,,,,417852298.0,,
2020-04-30,2020-08-03,10-Q,MIRAGE ENERGY CORPORATION,MRGE,CIK0001623360,USD,859490.0,,,,-100.0,3735446.0,,,,,,,83644.0,92409.0,,75306.0,,,,25749044.0,,0.001,900000000.0,428806640.0,428806640.0,,428806.0,-659384.0,,,,1553637.0,,,532500.0,,,,,,,,,1683952.0,,,,,,,,,,6921.0,,,,,,0.0,0.0,,,1782792.0,,,69392.0,,235056.0,,,-659384.0,,0.0,,,,,,,,,,,,,,,,,,26586.0,,,,,,,4324585.0,92409.0,4323763.0,,127844.0,822.0,1683130.0,,,,,,,,-659384.0,,,248773.0,-248773.0,183963.0,14151.0,84906.0,84906.0,,,,,,6921.0,,-659384.0,,,822.0,,,,410611.0,,,,,,,0.001,10000000.0,10000000.0,10000000.0,10000.0,8338.0,,,,,,,,13717.0,,1844.0,,,,,-8406328.0,,,,,,,-4232176.0,,,,,,,,185000.0,,,,0.0,,,423375776.0,423375776.0,,
2020-07-31,2020-11-19,10-K,MIRAGE ENERGY CORPORATION,MRGE,CIK0001623360,USD,836290.0,,66978.0,1728093.0,-100.0,8597401.0,,,,,,184870.0,176500.0,,162736.0,166941.0,96485.0,166941.0,,2564695.0,,0.001,900000000.0,462730684.0,462730684.0,20000.0,462731.0,,100500.0,,1416491.0,281351.0,,,100500.0,,,,,,44658950.0,,4407546.0,410429.0,790266.0,,,513925.0,,,0.0,1837458.0,1837458.0,6921.0,1581.0,,,,,,-0.01,0.21,,1795071.0,,0.0,3991040.0,,929142.0,,,-5354204.0,,,0.0,,163683.0,163683.0,,247192.0,,,,,,-66865.0,,,-7799.0,,,103517.0,,,1533.0,0.0,,38098.0,3041790.0,184870.0,3040556.0,1234.0,127844.0,1234.0,409195.0,1234.0,,986858.0,,,-890373.0,,-5354204.0,,,1028705.0,-1028705.0,162736.0,,84906.0,77830.0,,,84906.0,1837458.0,,6921.0,,,,,,,,,4325499.0,,,,,,,0.001,10000000.0,10000000.0,10000000.0,10000.0,9559.0,297500.0,,,719000.0,10100.0,,,99563.0,,1449.0,,,0.0,39742.0,-11906952.0,,,,0.0,,,-2856920.0,,,,,,,,,,,,0.0,,,,424924258.0,,20000.0
2020-10-31,2020-12-31,10-Q,MIRAGE ENERGY CORPORATION,MRGE,CIK0001623360,USD,881583.0,,68439.0,1733019.0,-100.0,9359941.0,,,,,,201274.0,193299.0,,,168824.0,1883.0,,,,,0.001,900000000.0,470276740.0,470276740.0,0.0,470277.0,,239000.0,,2025756.0,297531.0,,,239000.0,,,,,,,42351111.0,470214.0,426338.0,82500.0,,,33236.0,,,,,,6921.0,395.0,,,,,,0.0,,,1801458.0,,,292263.0,,528416.0,,,-841271.0,,,,,,,,45021.0,,,,,,6387.0,,,-14916.0,,,7442.0,33235.0,,591.0,286637.0,5867.0,6500.0,3109379.0,201274.0,3108416.0,963.0,,963.0,425375.0,127844.0,,209952.0,,,-208069.0,,-841271.0,,,541566.0,-541566.0,141510.0,,84906.0,56604.0,,,56604.0,,,6921.0,,-841271.0,,,,,,,299705.0,,,,,,,0.001,10000000.0,10000000.0,10000000.0,10000.0,24475.0,,,,0.0,0.0,,,13150.0,,1054.0,,,,5048.0,-12748223.0,,,,,,,-2908105.0,,,,,503449.0,,,,,286637.0,-20000.0,0.0,0.0,,,468104075.0,,
2021-01-31,2021-06-02,10-Q,MIRAGE ENERGY CORPORATION,MRGE,CIK0001623360,USD,914357.0,,72355.0,1716410.0,-100.0,9427741.0,,,,,,89973.0,82394.0,,,58730.0,,,,,,0.001,900000000.0,470476740.0,470476740.0,0.0,470477.0,,,,,981601.0,,,348000.0,,,,,,,,,1111612.0,,,,33236.0,,,,,,6921.0,,,,,,,0.0,,,1788765.0,,,436820.0,,281117.0,,,-884656.0,,,,,,,,,,,,,,,,,,,,21049.0,,,,,,,3814734.0,89973.0,3812567.0,127844.0,,2167.0,1109445.0,2167.0,,,,,,,-884656.0,,,288537.0,-288537.0,127359.0,,84906.0,42453.0,,,,,,6921.0,,-884656.0,,,,,,,596119.0,,,,,,,0.001,10000000.0,10000000.0,10000000.0,10000.0,23664.0,,,,,,,,7420.0,,658.0,,,,,-13632879.0,,,,,,,-3724761.0,,,,,,,,,,68000.0,,,,,,470301740.0,,
2021-04-30,2021-09-28,10-Q,MIRAGE ENERGY CORPORATION,MRGE,CIK0001623360,USD,997337.0,,73816.0,1738748.0,-100.0,11337699.0,,,,,,24065.0,16881.0,,,2557.0,,,,,,0.001,900000000.0,470518407.0,470518407.0,0.0,470519.0,,,,,846780.0,,,401500.0,,,,,,,,,976261.0,,,,33235.0,,,,,,6921.0,,,,,,,0.0,,,1812564.0,,,-215071.0,,2107570.0,,,-1947336.0,,,,,,,,,,,,,,,,,,,,11463.0,,,,,,,3786162.0,24065.0,3784525.0,1637.0,127844.0,1637.0,974624.0,,,,,,,,-1947336.0,,,2124194.0,-2124194.0,106132.0,,84906.0,21226.0,,,,,,6921.0,,-1947336.0,,,,,,,-176858.0,,,,,,,0.001,10000000.0,10000000.0,10000000.0,10000.0,14324.0,,,,,,,,16624.0,,263.0,,,,,-15580215.0,,,,,,,-3762097.0,,,,,,,,10000.0,,,,,,,,470489561.0,,
2021-07-31,2022-01-21,10-K,MIRAGE ENERGY CORPORATION,MRGE,CIK0001623360,USD,1005926.0,,75277.0,1726023.0,-100.0,12571207.0,,,,,,156498.0,149577.0,,84906.0,99158.0,-67783.0,99158.0,,,,0.001,900000000.0,478824365.0,478824365.0,0.0,478825.0,,125000.0,,1486694.0,289905.0,,,125000.0,,,,,,30579060.0,,1281296.0,418952.0,517442.0,,,58967.0,,,0.0,4428618.0,4428618.0,6921.0,1449.0,,,,,,-0.01,0.21,,1801300.0,,,753376.0,,3155895.0,,,-4222660.0,,,0.0,,527306.0,527306.0,,189296.0,,,,,,6229.0,,,-40860.0,,,60463.0,,,3232.0,2254637.0,,17000.0,3226178.0,156498.0,3224975.0,,127844.0,1203.0,417749.0,1203.0,,753812.0,,,-821595.0,,-4222660.0,,,3217071.0,-3217071.0,77830.0,,77830.0,,,,87120.0,4428618.0,,6921.0,,,,,,,,,1005589.0,,,,,,,0.001,10000000.0,10000000.0,10000000.0,10000.0,50419.0,,,,415000.0,0.0,,,61176.0,,0.0,,,,28188.0,-16129612.0,,,,2254637.0,,,-3069680.0,,,,,,,,,,354637.0,20000.0,0.0,0.0,,,471364258.0,,
