end,filed,form,Name,Ticker,CIK,Currency,AccountsPayable,AccountsPayableAndAccruedLiabilitiesCurrent,AccountsPayableCurrent,AccountsReceivableNetCurrent,AccruedLiabilitiesCurrent,AccumulatedDepreciationDepletionAndAmortizationPropertyPlantAndEquipment,AccumulatedOtherComprehensiveIncomeLossNetOfTax,AdditionalPaidInCapital,AdjustmentsToAdditionalPaidInCapitalOther,AllowanceForDoubtfulAccountsReceivableRecoveries,Assets,AssetsCurrent,AssetsDesignatedToClosedBlockCashAndCashEquivalents,CapitalLeaseObligationsCurrent,CapitalLeaseObligationsNoncurrent,Cash,CashAndCashEquivalentsAtCarryingValue,CashAndCashEquivalentsPeriodIncreaseDecrease,CashCashEquivalentsRestrictedCashAndRestrictedCashEquivalentsPeriodIncreaseDecreaseIncludingExchangeRateEffect,CashPeriodIncreaseDecrease,CommitmentsAndContingencies,CommonStockParOrStatedValuePerShare,CommonStockSharesAuthorized,CommonStockSharesIssued,CommonStockSharesOutstanding,CommonStockValue,CommonStockValueOutstanding,ComprehensiveIncomeNetOfTax,ConvertibleLongTermNotesPayable,ConvertiblePreferredStockSharesOutstanding,CostOfGoodsAndServicesSoldAmortization,CostOfRevenue,CustomerDepositsCurrent,DebtInstrumentConvertibleConversionPrice1,DebtInstrumentInterestRateStatedPercentage,DebtInstrumentPeriodicPaymentPrincipal,DeferredIncomeTaxesAndTaxCredits,DeferredTaxAssetsOperatingLossCarryforwards,DeferredTaxAssetsTaxCreditCarryforwards,DeferredTaxAssetsValuationAllowance,DeferredTaxExpenseFromStockOptionsExercised,DepositLiabilitiesAccruedInterest,Depreciation,DepreciationDepletionAndAmortization,DerivativeInstrumentsGainLossReclassifiedFromAccumulatedOCIIntoIncomeEffectivePortionNet,DevelopmentStageEnterpriseDeficitAccumulatedDuringDevelopmentStage,DirectTaxesAndLicensesCosts,DueToRelatedPartiesCurrent,DueToRelatedPartiesCurrentAndNoncurrent,EarningsPerShareBasicAndDiluted,EffectiveIncomeTaxRateContinuingOperations,EffectiveIncomeTaxRateReconciliationAtFederalStatutoryIncomeTaxRate,EffectiveIncomeTaxRateReconciliationChangeInDeferredTaxAssetsValuationAllowance,EffectiveIncomeTaxRateReconciliationForeignIncomeTaxRateDifferential,EffectiveIncomeTaxRateReconciliationNondeductibleExpense,EffectiveIncomeTaxRateReconciliationTaxContingencies,EffectOfExchangeRateOnCashAndCashEquivalents,FacilityCosts,GeneralAndAdministrativeExpense,GrossProfit,IncomeLossFromContinuingOperations,IncomeLossFromContinuingOperationsBeforeIncomeTaxesMinorityInterestAndIncomeLossFromEquityMethodInvestments,IncomeLossFromContinuingOperationsPerBasicAndDilutedShare,IncomeTaxExpenseBenefit,IncomeTaxesPaid,IncomeTaxesPaidNet,IncomeTaxReconciliationDeductions,IncomeTaxReconciliationIncomeTaxExpenseBenefitAtFederalStatutoryIncomeTaxRate,IncomeTaxReconciliationTaxCredits,IncreaseDecreaseDueFromOtherRelatedParties,IncreaseDecreaseInAccountsAndOtherReceivables,IncreaseDecreaseInAccountsPayable,IncreaseDecreaseInAccountsPayableAndAccruedLiabilities,IncreaseDecreaseInAccountsPayableRelatedParties,IncreaseDecreaseInAccountsReceivable,IncreaseDecreaseInAccruedLiabilities,IncreaseDecreaseInCustomerAdvances,IncreaseDecreaseInCustomerDeposits,IncreaseDecreaseInDueToRelatedParties,IncreaseDecreaseInInventories,IncreaseDecreaseInPrepaidExpense,IncreaseDecreaseInRestrictedCash,IntangibleAssetsNetExcludingGoodwill,InterestAndDebtExpense,InterestExpense,InterestExpenseOther,InterestPaid,InterestPaidNet,InventoryNet,LeaseCost,Liabilities,LiabilitiesAndStockholdersEquity,LiabilitiesCurrent,LoansPayable,MachineryAndEquipmentGross,MinorityInterest,NetCashProvidedByUsedInFinancingActivities,NetCashProvidedByUsedInInvestingActivities,NetCashProvidedByUsedInOperatingActivities,NetIncomeLoss,NetIncomeLossAttributableToNoncontrollingInterest,NetIncomeLossAvailableToCommonStockholdersBasic,NetInvestmentIncome,NonoperatingIncomeExpense,OperatingExpenses,OperatingIncomeLoss,OperatingLeaseExpense,OperatingLeaseImpairmentLoss,OperatingLeaseRightOfUseAsset,OperatingLeasesFutureMinimumPaymentsDueCurrent,OperatingLeasesFutureMinimumPaymentsDueInThreeYears,OperatingLeasesFutureMinimumPaymentsDueInTwoYears,OperatingLeaseWeightedAverageDiscountRatePercent,OperatingLossCarryforwards,OperatingLossCarryforwardsValuationAllowance,OtherAssetsCurrent,OtherComprehensiveIncomeLossForeignCurrencyTransactionAndTranslationAdjustmentNetOfTax,OtherLiabilitiesCurrent,OtherNonoperatingExpense,OtherNonoperatingIncome,OtherNonoperatingIncomeExpense,OtherReceivablesNetCurrent,PaymentsToAcquirePropertyPlantAndEquipment,PreferredStockParOrStatedValuePerShare,PreferredStockSharesAuthorized,PreferredStockSharesIssued,PreferredStockSharesOutstanding,PreferredStockValue,PrepaidExpenseCurrent,PrepaidTaxes,ProceedsFromConvertibleDebt,ProceedsFromDebtNetOfIssuanceCosts,ProceedsFromHedgeFinancingActivities,ProceedsFromIssuanceOfCommonStock,ProceedsFromNotesPayable,ProceedsFromRelatedPartyDebt,ProceedsFromRepaymentsOfRelatedPartyDebt,ProfitLoss,ProfitLossFromRealEstateOperations,PropertyPlantAndEquipmentNet,RelatedPartyTransactionAmountsOfTransaction,RelatedPartyTransactionDueFromToRelatedParty,ResearchAndDevelopmentExpense,RetainedEarningsAccumulatedDeficit,Revenues,SecuritiesBorrowed,SellingAndMarketingExpense,SharesIssued,ShortTermLeaseCost,StockholdersEquity,StockholdersEquityIncludingPortionAttributableToNoncontrollingInterest,StockholdersEquityOther,StockholdersEquityQualifiedForNetCapital,StockIssuedDuringPeriodSharesConversionOfUnits,StockIssuedDuringPeriodSharesOther,StockIssuedDuringPeriodValueConversionOfConvertibleSecurities,TaxAdjustmentsSettlementsAndUnusualProvisions,TaxesPayableCurrent,TemporaryEquityForeignCurrencyTranslationAdjustments,TravelAndEntertainmentExpense,ValuationAllowanceDeferredTaxAssetChangeInAmount,WeightedAverageNumberOfDilutedSharesOutstanding,WeightedAverageNumberOfShareOutstandingBasicAndDiluted,WeightedAverageNumberOfSharesOutstandingBasic
2012-03-31,2012-05-08,10-Q,GLOBAL SEED CORP,GLBD,CIK0001524829,USD,,,,,,,,,,,,,,,,,,,,,,,,,,,,,,,,,,,,,,,,,,,,,,,,,,,,,,,,,,,3060.0,,,,0.0,,,,,,,,,,,,,,,,,,,,,,,,,,,,,,,,,,,,,,,,,,3060.0,,,,,,,,,,,,,,,,,,,,,,,,,,,,,,,,,3240.0,,,,,,,6237.0,,,,,,,,,,,,,,,,,,,5000000.0
2012-06-30,2012-10-03,10-K,GLOBAL SEED CORP,GLBD,CIK0001524829,USD,2365.0,,,,,,,49500.0,,,51162.0,51162.0,,,,51162.0,51162.0,,,,,0.0001,8999886999.0,5000000.0,,500.0,500.0,,,,,,5000.0,,,,,,,,,,,,,-6203.0,,,,,,,,,,,,,9638.0,,,,0.0,,,,,,,,,5000.0,,,,,,,,,,41662.0,,,,,,,,,,51162.0,7376.0,,,,,,40000.0,-3338.0,,,,,9638.0,,,,,,,,,,,,,,,,,,,0.0001,9989886988.0,,,,,,,,,,,,,-3338.0,,,,,,,6300.0,,,43797.0,,44814.0,,,,,,,,,,,,,,5000000.0
2012-09-30,2012-11-01,10-Q,GLOBAL SEED CORP,GLBD,CIK0001524829,USD,2365.0,,,,,,,49500.0,,,52189.0,52189.0,,,,,52189.0,,,,,0.0001,8999886999.0,,,500.0,,,,,,,,,,,,,,,,,,,,-176.0,,,,,,,,,,,,,1140.0,,,,0.0,,,,,,,,,,,,,,,-1140.0,,,,38860.0,,,,,,,,,,52189.0,2365.0,,,,40000.0,,1027.0,6027.0,,,-1140.0,,1140.0,,,,,,,,,,,,,,,,,,,0.0001,9989886988.0,,,,,,,,,40000.0,,,,,,,,,,,6237.0,,,,,49824.0,,,,,,,,,,,,,,5000000.0
2012-12-31,2013-02-01,10-Q,GLOBAL SEED CORP,GLBD,CIK0001524829,USD,2188.0,,,,,,,49500.0,,,49738.0,49738.0,,,,,49738.0,,,,,0.0001,8999886999.0,,,500.0,,,,,,,,,,,,,,,,,,,,-2450.0,,,,,,,,,,,,,2274.0,,,,,,,,,,,,,,,,,,,,,,,,,,,,,,,,,49738.0,2188.0,,,,,,,,,,,,2274.0,,,,,,,,,,,,,,,,,,,0.0001,9989886988.0,,,,,,,,,,,,,,,,,,,,,,,,,47550.0,,,,,,,,,,,,,,5000000.0
2013-03-31,2013-05-08,10-Q,GLOBAL SEED CORP,GLBD,CIK0001524829,USD,,,,,,,,49500.0,,,45214.0,45214.0,,,,,45214.0,,,,,0.0001,8999886999.0,,,500.0,,,,,,,,,,,,,,,,,,,,-4786.0,,,,,,,,,,,,,2336.0,,,,,,,,,,,,,,,,,,,,,,,,,,,,,,,,,45214.0,,,,,,,,,,,,,2336.0,,,,,,,,,,,,,,,,,,,0.0001,9989886988.0,,,,,,,,,,,,,,,,,,,,,,,,,45214.0,,,,,,,,,,,,,,5000000.0
2013-06-30,2013-10-07,10-K,GLOBAL SEED CORP,GLBD,CIK0001524829,USD,,,,,,,,49500.0,,,44814.0,44814.0,,,,44814.0,44814.0,,,,,0.0001,8999886999.0,5000000.0,5000000.0,500.0,500.0,,,0.0,,,,,,,,,,,,,,,,-5186.0,,,,0.0,,,,,,,,,5220.0,,,,0.0,,,,,,,,,-2365.0,,,,,,-5000.0,,,,-6348.0,,,,,,,,,,44814.0,,,,,,,-6348.0,1017.0,,,,,5220.0,,,,,,,,,,,,,,,,,,,0.0001,9989886988.0,0.0,0.0,,,,,,,,,,,-28070.0,1017.0,,,,,-5186.0,6237.0,,,44814.0,,16744.0,,,,,,,,,,,,,,5000000.0
2013-09-30,2013-10-28,10-Q,GLOBAL SEED CORP,GLBD,CIK0001524829,USD,,,,,,,,49500.0,,,43314.0,43314.0,,,,,43314.0,,,,,0.0001,8999886999.0,,,500.0,,,,0.0,,,,,,,,,,,,,,,,-6686.0,,,,0.0,,,,,,,,,1500.0,,,,,,,,,,,,,,,,,,,-1500.0,,,,-1500.0,,,,,,,,,,43314.0,,,,,,,-1500.0,-1500.0,,,-1500.0,,1500.0,,,,,,,,,,,,,,,,,,,0.0001,9989886988.0,,,,,,,,,,,,,,-1500.0,,,,,,,,,,,43314.0,,,,,,,,,,,,,,5000000.0
2013-12-31,2014-02-12,10-Q,GLOBAL SEED CORP,GLBD,CIK0001524829,USD,,,,,,,,49500.0,,,31574.0,31574.0,,,,,31574.0,,,,,0.0001,8999886999.0,5000000.0,5000000.0,500.0,,,,,,,,,,,,,,,,,,,,-18426.0,,,,0.0,,,,,,,,,11740.0,,,,,,,,,,,,,,,,,,,,,,,,,,,,,,,,,31574.0,,,,,,,,-11740.0,,,,,11740.0,,,,,,,,,,,,,,,,,,,0.0001,9989886988.0,0.0,0.0,,,,,,,,,,,,,,,,,,,,,,,31574.0,,,,,,,,,,,,,,5000000.0
2014-03-31,2014-05-13,10-Q,GLOBAL SEED CORP,GLBD,CIK0001524829,USD,,,,,,,,49500.0,,,30789.0,30789.0,,,,,30789.0,,,,,0.0001,8999886999.0,5000000.0,5000000.0,500.0,,,,,,,,,,,,,,,,,,,,-19211.0,,,,0.0,,,,,,,,,785.0,,,,,,,,,,,,,,,,,,,,,,,,,,,,,,,,,30789.0,,,,,,,,-785.0,,,,,785.0,-785.0,,,,,,,,,,,,,,,,,,0.0001,9989886988.0,0.0,0.0,,,,,,,,,,,,,,,,,,,,,,,30789.0,,,,,,,,,,,,,5000000.0,5000000.0
2014-06-30,2014-09-30,10-K,GLOBAL SEED CORP,GLBD,CIK0001524829,USD,,,,,,,,49500.0,,,16744.0,,,,,,16744.0,16744.0,,,,0.0001,8999886999.0,5000000.0,5000000.0,500.0,,,,,,,,,,,,,,,11307.0,,,,,,,,,0.0,,0.34,,,,,,,28070.0,,,,,,,,,,,,,,,,,,,,,,,-28070.0,,,,,,,,,,16744.0,,,,,,,-28070.0,-28070.0,,,,,28070.0,33256.0,,,,,,,,33256.0,,,,,,,,,,0.0001,9989886988.0,0.0,0.0,,,,,,,,,,,-15165.0,-28070.0,,0.0,,,-33256.0,,0.0,,,,16744.0,,,16744.0,,,,,,,,11307.0,,,5000000.0
2014-09-30,2014-11-10,10-Q,GLOBAL SEED CORP,GLBD,CIK0001524829,USD,,,,,,,,49500.0,,,10969.0,,,,,,10969.0,,,,,0.0001,8999886999.0,5000000.0,5000000.0,500.0,,,,,,,,,,,,,,,,,,,,,,,,0.0,,,,,,,,,5775.0,,,,,,,,,,,,,,,,,,,,,,,-5775.0,,,,,,,,,,10969.0,,,,,,,-5775.0,-5775.0,,,,,5775.0,,,,,,,,,,,,,,,,,,,0.0001,9989886988.0,0.0,0.0,,,,,,,,,,,5775.0,-5775.0,,0.0,,,-39031.0,,,,,,10969.0,,,,,,,,,,,,,,5000000.0
2014-12-31,2015-01-23,10-Q,GLOBAL SEED CORP,GLBD,CIK0001524829,USD,,,,,,,,49500.0,,,5569.0,,,,,,5569.0,,,,,0.0001,8999886999.0,5000000.0,5000000.0,500.0,,,,,,,,,,,,,,,,,,,,,,,,0.0,,,,,,,,,5400.0,,,,,,,,,,,,,,,,,,,,,,,,,,,,,,,,,5569.0,,,,,,,,-5400.0,,,,,5400.0,,,,,,,,,,,,,,,,,,,0.0001,9989886988.0,0.0,0.0,,,,,,,,,,,,,,,,,-44431.0,,,,,,5569.0,,,,,,,,,,,,,,5000000.0
2015-03-31,2015-04-27,10-Q,GLOBAL SEED CORP,GLBD,CIK0001524829,USD,,,,,,,,49500.0,,,3885.0,,,,,,3885.0,,,,0.0,0.0001,8999886999.0,5000000.0,5000000.0,500.0,,,,,,,,,,,,,,,,,,,,,,,,0.0,,,,,,,,,1684.0,,,,,,,,,,,,,,,,,,,,,,,,,,,,,,,,,3885.0,,,,,,,,-1684.0,,,,,1684.0,-1684.0,,,,,,,,,,,,,,,,,,0.0001,9989886988.0,0.0,0.0,,,,,,,,,,,,,,,,,-46115.0,,,,,,3885.0,,,,,,,,,,,,,5000000.0,5000000.0
2015-06-30,2015-09-25,10-K,GLOBAL SEED CORP,GLBD,CIK0001524829,USD,,,,,,,,49500.0,,16463.0,1579.0,,,,,,1579.0,1579.0,,,,0.0001,8999886999.0,5000000.0,5000000.0,500.0,,,,,,,,,,,16463.0,,,,,,,,,,,,,0.0,,0.34,,,,,,,15165.0,,-15165.0,,,,,,,,,,,,,,,,,,,,,-15165.0,,,,,,,,,,1579.0,,,,,,,-15165.0,-15165.0,,,,,15165.0,,,,,,,,,48421.0,,,,,,,,,,0.0001,9989886988.0,0.0,0.0,,,,,,,,,,,-15165.0,-15165.0,,0.0,,,-48421.0,,,,,,1579.0,,,1579.0,,,,,,,,,,,5000000.0
2015-09-30,2015-11-10,10-Q,GLOBAL SEED CORP,GLBD,CIK0001524829,USD,,,,,,,,49500.0,,,37.0,,,,,,37.0,,,,,0.0001,8999886999.0,5000000.0,5000000.0,500.0,,,,,,,,,,,,,,,,,,,53463.0,,,,,0.0,,,,,,,,,5042.0,,,,,,,,,,,,,,,,,,,,,,,-1542.0,,,,,,,,,,37.0,3500.0,3500.0,,,-3500.0,,-5042.0,-5042.0,,,,,5042.0,,,,,,,,,,,,,,,,,,,0.0001,9989886988.0,0.0,0.0,,,,,,,,-3500.0,,,,5042.0,,3500.0,,,-53463.0,,,,,,,,,-3463.0,,,,,,,,,,,5000000.0
2015-12-31,2016-02-08,10-Q,GLOBAL SEED CORP,GLBD,CIK0001524829,USD,,,,,,,,49500.0,,,95.0,,,,,,95.0,,,,,0.0001,8999886999.0,5000000.0,5000000.0,500.0,,,,,,,,,,,,,,,,,,,,,,,,0.0,,,,,,,,,1542.0,,,,,,,,,,,,,,,,,,,,,,,,,,,,,,,,,95.0,5100.0,5100.0,,,,,,-1542.0,,,,,1542.0,,,,,,,,,,,,,,,,,,,0.0001,9989886988.0,0.0,0.0,,,,,,,,,,,,-1542.0,,,,,-55005.0,,,,,,,,,-5005.0,,,,,,,,,,,5000000.0
2016-03-31,2016-04-29,10-Q,GLOBAL SEED CORP,GLBD,CIK0001524829,USD,,,,,,,,49500.0,,,2203.0,,,,,,2461.0,,,,,0.0001,8999886999.0,5000000.0,5000000.0,500.0,,,,,,,,,,,,,,,,,,,,,,,,0.0,,,,,,,,,1592.0,,,,,,,,,,,,,,,,,,,,,,,,,,,,,,,,,2203.0,7100.0,7100.0,,,,,,108.0,,,,,1592.0,,,,,,,,,,,,,,,,,,,0.0001,9989886988.0,0.0,0.0,,,,,,,,,,,,108.0,,,,,-54897.0,1700.0,,,,,,,,-4897.0,,,,,,,,,,,5000000.0
2016-06-30,2016-09-28,10-K,GLOBAL SEED CORP,GLBD,CIK0001524829,USD,,,,,,,,49500.0,,,2461.0,,,,,2461.0,2461.0,,,,,0.0001,8999886999.0,5000000.0,5000000.0,500.0,,,,,,,,,,,,54639.0,18577.0,,,,,,54639.0,,,7100.0,,0.0,,,,,,,,,15360.0,,-6218.0,,,18577.0,,,,,,-7100.0,,,,-7100.0,,,,,,,,2590.0,,,,,,,,,,2461.0,7100.0,7100.0,,,4000.0,,-1410.0,-11760.0,,,,,15360.0,,,,,,,,,,54639.0,,,,,,,,,0.0001,9989886988.0,0.0,0.0,,,,,,,,4000.0,,,-6218.0,-11860.0,,7100.0,,,-54639.0,3500.0,,,,,-4639.0,,,-4639.0,,,,-18577.0,,,,18577.0,,,10000000.0
2016-09-30,2016-11-14,10-Q,GLOBAL SEED CORP,GLBD,CIK0001524829,USD,,,,,,,,49500.0,,,4169.0,,,,,,4169.0,,,,,0.0001,8999886999.0,5000000.0,5000000.0,500.0,,,,,,,,,,,,,,,,,,,56931.0,,,,,0.0,,,,,,,,,2292.0,,,,,,,,,,,,,,,,,,,,,,,1708.0,,,,,,,,,,4169.0,11100.0,11100.0,,,-4000.0,,-2292.0,-2292.0,,,,,2292.0,,,,,,,,,,,,,,,,,,,0.0001,9989886988.0,0.0,0.0,,,,,,,,-4000.0,,,,2292.0,,11100.0,,,-56931.0,,,,,,,,,-6931.0,,,,,,,,,,,5000000.0
2016-12-31,2017-02-07,10-Q,GLOBAL SEED CORP,GLBD,CIK0001524829,USD,,,,,,,,49500.0,,,527.0,,,,,527.0,527.0,,,,,0.0001,8999886999.0,5000000.0,5000000.0,500.0,,,,,,,,,,,,,,,,,,,,,,,,0.0,,,,,,,,,5642.0,,,,,,,,,,,,,,,,,,,,,,,,,,,,,,,,,527.0,13100.0,13100.0,,,,,,-5642.0,,,,,5642.0,,,,,,,,,,,,,,,,,,,0.0001,9989886988.0,0.0,0.0,,,,,,,,,,,,-5642.0,,,,,-62573.0,,,,,,,,,-12573.0,,,,,,,,,,,5000000.0
2017-03-31,2017-05-05,10-Q,GLOBAL SEED CORP,GLBD,CIK0001524829,USD,,,,,,,,50980.0,,,243.0,,,,,243.0,285.0,,,,,0.0001,8999886999.0,5000000.0,5000000.0,500.0,,,,,,,,,,,,,,,,,,,,,,,,0.0,,,,,,,,,1742.0,,,,,,,,,,,,,,,,,,,,,,,,,,,,,,,,,243.0,16200.0,16200.0,,,,,,-1742.0,,,,,1742.0,,,,,,,,,,,,,,,,,,,0.0001,9989886988.0,0.0,0.0,,,,,,,,,,,,-1742.0,,,,,-67437.0,,,,,,,,,-15957.0,,,,,,,,,,,5000000.0
2017-06-30,2017-09-28,10-K,GLOBAL SEED CORP,GLBD,CIK0001524829,USD,,,16200.0,,,,,50980.0,1480.0,,243.0,,243.0,,,243.0,243.0,-2218.0,,,,0.0001,8999886999.0,5000000.0,5000000.0,500.0,,,,,,,,,,,,67437.0,,67437.0,,,,,67437.0,,,,,0.0,,,,,,,,,13060.0,,,,,23602.0,,,,23602.0,,,,,,-9100.0,,,,,9100.0,,,-2218.0,,1480.0,1480.0,,,,,,16200.0,243.0,16200.0,16200.0,,,,,-2218.0,-14540.0,,,,,13060.0,-11318.0,,,,,,,,,67437.0,,,,,,,,,0.0001,9989886988.0,0.0,0.0,,,,,,,,,,,,-13060.0,,14600.0,,,-67437.0,,,,,,-15957.0,,,-15957.0,,,,-23602.0,,,,,,,10000000.0
2017-09-30,2017-11-07,10-Q,GLOBAL SEED CORP,GLBD,CIK0001524829,USD,,,,,,,,50980.0,,,2524.0,,,,,2524.0,2524.0,2281.0,,,,0.0001,8999886999.0,5000000.0,5000000.0,500.0,,,,,,,,,,,,,,,,,,,70406.0,,,,,0.0,,,,,,,,,2969.0,,,,,,,,,,,,,,,,,,,,,,,2281.0,,,0.0,,,,,,,2524.0,21450.0,21450.0,,,5250.0,,-2969.0,-2969.0,,,,0.0,-2969.0,-2969.0,,,,,,,,,,,,,,,,,,0.0001,9989886988.0,0.0,0.0,,,,,,,,5250.0,5250.0,,,-2969.0,,21450.0,,,-70406.0,,,,,,,,,-18926.0,,,,,,,,,,5000000.0,5000000.0
2017-12-31,2018-02-13,10-Q,GLOBAL SEED CORP,GLBD,CIK0001524829,USD,,,,,,,,51758.0,,,169.0,,,,,169.0,270.0,,,,,0.0001,8999886999.0,5000000.0,5000000.0,500.0,,,,,,,,,,,,,,,,,,,,,,,,0.0,,,,,,,,,2955.0,,,,,,,,,,,,,,,,,,,,,,,,,,778.0,,,,,,,169.0,22050.0,22050.0,,,,,,-3733.0,,,,-778.0,2955.0,-2955.0,,,,,,,,,,,,,,,,,,0.0001,9989886988.0,0.0,0.0,,,,,,,,,,,,-3733.0,,,,,-74139.0,,,,,,-21881.0,-40291.0,,-21881.0,,,,,,,,,,5000000.0,5000000.0
2018-03-31,2018-05-10,10-Q,GLOBAL SEED CORP,GLBD,CIK0001524829,USD,,,,,,,,52809.0,,,230.0,,,,,230.0,230.0,,,,,0.0001,8999886999.0,5000000.0,5000000.0,500.0,,,,,,,,,,,,,,,,,,,,,,,,0.0,,,,,,,,,2690.0,,,,,,,,,,,,,,,,,,,,,,,,,,0.0,,,,,,,230.0,23750.0,23750.0,,,,,,-2690.0,,,,0.0,2690.0,-2690.0,,,,,,,,,,,,,,,,,,0.0001,9989886988.0,0.0,0.0,,,,,,,,,,,,-2690.0,,,,,-76829.0,,,,,,,,,-23520.0,,,,,,,,,,5000000.0,5000000.0
2018-06-30,2018-10-12,10-K,GLOBAL SEED CORP,GLBD,CIK0001524829,USD,,,,,0.0,,,80001.0,2321.0,,132.0,,,,,,132.0,-111.0,,,,0.0001,8999886999.0,5000000.0,5000000.0,500.0,,,,,,,,,,,,78048.0,,78048.0,,,,,,,,0.0,,0.0,,0.21,,,,,,,,,,,,,,,,16390.0,,,,,,,,,,,-16200.0,,,,,,,,,,,,,132.0,0.0,0.0,,,,,,,,,,,,,,,,,,,,,78048.0,,,,,,,,,0.0001,9989886988.0,0.0,0.0,0.0,,,,,,,,,,,,,,,,-80369.0,,,,,,132.0,,,,,,,,,,,,,5000000.0,
2018-09-30,2018-11-14,10-Q,GLOBAL SEED CORP,GLBD,CIK0001524829,USD,,,,,,2970.0,,80095.0,,,0.0,,,,,,17986.0,-132.0,,,,0.0001,8999886999.0,5000000.0,5000000.0,500.0,,-228231.0,,,,4381.0,,,,,,,,,,,,,,,,,,0.0,,,1.0,,,,,,220116.0,-4305.0,,-229689.0,,-151.0,,,,,,,,,,,,,,,,,,,,,-1637.0,,,,,,,0.0,7589.0,7589.0,25155.0,,7589.0,,-7721.0,-229538.0,,-229538.0,,-94.0,226602.0,-230907.0,,,,,,,,,,,,,14.0,-405.0,1218.0,,,0.0001,9989886988.0,0.0,0.0,0.0,,,,,,,,7589.0,,,,22185.0,,,,-88184.0,76.0,,6486.0,,,-7589.0,,,,,,,,,1307.0,,,,5000000.0,
2018-12-31,2019-02-14,10-Q,GLOBAL SEED CORP,GLBD,CIK0001524829,USD,,30606.0,,12801.0,,2970.0,10626.0,91863.0,,,102830.0,75817.0,,,,,8717.0,,8447.0,,,0.0001,8999886999.0,257874025.0,257874025.0,500.0,,-407466.0,,,,11807.0,,,,,,,,,,,3088.0,3088.0,,,4348.0,270021.0,11746.0,0.0,-0.0003,,,-0.415,-0.0003,,-346.0,28242.0,414327.0,4686.0,,-417736.0,0.0,123.0,,123.0,,,417736.0,,,,115920.0,,13308.0,,,,,25775.0,,,4828.0,,238.0,,,9.0,24794.0,,382037.0,102830.0,382037.0,,25155.0,-1494.0,391166.0,-26151.0,-356222.0,-422245.0,,-417859.0,,-229.0,426902.0,-422216.0,,,,,,,,,,,10393.0,81410.0,,321.0,323.0,5494.0,26151.0,0.0001,9989886988.0,0.0,0.0,25787.0,,12763.0,,,,,,,391166.0,,,22185.0,,16742.0,4505.0,-405989.0,16493.0,,12575.0,,,-277713.0,-279207.0,,,,,,,68.0,10626.0,57645.0,,257874025.0,5000000.0,257874025.0
2019-03-31,2019-05-14,10-Q,GLOBAL SEED CORP,GLBD,CIK0001524829,USD,,,,,383.0,,,80746.0,,,0.0,,,,,,0.0,,,,,0.0001,8999886999.0,5000000.0,5000000.0,500.0,,,,,,,,,,,,,,,,,,,,,,18981.0,18981.0,0.0,,,,,,,,,7618.0,,,,,,,,,,,,,,,,,,,,,,,,,,422.0,,,,,,,0.0,19364.0,,,,,,,-8040.0,,,,-422.0,7618.0,-7618.0,,,,,,,,,,,,,,,,,,0.0001,9989886988.0,0.0,0.0,0.0,,,,,,,,,,,,,,,,-100610.0,,,,,,-19364.0,,,,,,,,,,,,,5000000.0,
2019-06-30,2019-10-15,10-K,GLOBAL SEED CORP,GLBD,CIK0001524829,USD,,,,,15500.0,,,80095.0,94.0,,10094.0,,,,,,,-132.0,,,,0.0001,8999886999.0,5000000.0,5000000.0,500.0,,,,,,,,,,,,125710.0,,125710.0,,,,,,,,42124.0,42124.0,0.0,,0.21,,,,,,,,,,,,,,,,26399.0,,,,,,,,15500.0,,,42124.0,,10094.0,,,,,,,,,,57624.0,10094.0,,,,,,,,,,,,,,,,,,,,,,,125710.0,,,,,,,,,0.0001,9989886988.0,0.0,0.0,,10094.0,,,,,,,,,,,,,,,-128125.0,,,,,,-47530.0,,,,,,,,,,,,,5000000.0,
2019-09-30,2019-11-19,10-Q,GLOBAL SEED CORP,GLBD,CIK0001524829,USD,,78785.0,,42287.0,,8845.0,43612.0,91863.0,,,582282.0,538140.0,,,,,30489.0,,,,,,8999886999.0,257874025.0,257874025.0,,,-312429.0,,,,14044.0,,,,,,,,,,,,,,,,1051346.0,,,,,,,,,,,339645.0,13767.0,,-338657.0,,195.0,,,,,,,,,,,,,,,,,,,,,,,,,305943.0,,1511957.0,582282.0,1511957.0,,52987.0,-1833.0,,,,-338852.0,949.0,-339801.0,,,353151.0,-339384.0,,,,,,,,,,130660.0,,381826.0,683.0,1399.0,727.0,27313.0,,,,,,25787.0,,1448.0,,,,,,,,,,44142.0,,,,-1089104.0,27811.0,,13506.0,,,-929675.0,-927842.0,,,,,,,,27372.0,,,,,
2019-12-31,2020-10-09,10-K,GLOBAL SEED CORP,GLBD,CIK0001524829,USD,,124617.0,,30839.0,,25058.0,21615.0,161863.0,,,1039343.0,677043.0,,58560.0,117699.0,,313450.0,,304733.0,,,,8999886999.0,257874025.0,257874025.0,,,-1103179.0,210417.0,,417.0,125572.0,,1.36,0.15,280000.0,,,,,,773.0,22317.0,22317.0,,,5815.0,1528246.0,,,-0.0003,,,-0.415,-0.0003,0.21,-42.0,26035.0,1116473.0,70345.0,,-1117345.0,0.0,27.0,,-1448.0,,,1117345.0,,,,329945.0,,14018.0,,,,,201671.0,,,,,1190.0,1190.0,,,224418.0,80366.0,2354933.0,1039343.0,2026817.0,,214551.0,-4698.0,1542738.0,-191359.0,-1046604.0,-1117372.0,-3204.0,-1114168.0,,,1186205.0,-1115860.0,66763.0,3481.0,172807.0,322783.0,63077.0,58405.0,0.03,,,82930.0,10989.0,315394.0,678.0,339.0,-1485.0,,191359.0,,,,,25787.0,,,280000.0,280000.0,,,,,1262738.0,,,189493.0,,25406.0,43471.0,-1520157.0,195917.0,,69732.0,,13603.0,-1310892.0,-1315590.0,,,205882.0,,70000.0,,,10989.0,40630.0,,257883614.0,,257874025.0
