end,filed,form,Name,Ticker,CIK,Currency,AccountsPayableAndOtherAccruedLiabilitiesCurrent,AccountsPayableCurrent,AccountsPayableOtherCurrent,AccountsReceivableNetCurrent,AccruedLiabilitiesCurrent,AccumulatedDepreciationDepletionAndAmortizationPropertyPlantAndEquipment,AccumulatedOtherComprehensiveIncomeLossNetOfTax,AdditionalPaidInCapital,AllowanceForLoanAndLeaseLossesForeignCurrencyTranslation,Assets,AssetsCurrent,Capital,CapitalizedContractCostAmortization,CashAndCashEquivalentsAtCarryingValue,CashCashEquivalentsRestrictedCashAndRestrictedCashEquivalentsIncludingDisposalGroupAndDiscontinuedOperations,CashCashEquivalentsRestrictedCashAndRestrictedCashEquivalentsPeriodIncreaseDecreaseIncludingExchangeRateEffect,CashFDICInsuredAmount,CashFDICInsuredAmount,CommonStockParOrStatedValuePerShare,CommonStockSharesAuthorized,CommonStockSharesIssued,CommonStockSharesOutstanding,CommonStockValue,ComprehensiveIncomeNetOfTax,ConstructionInProgressGross,CostOfRevenue,CostsAndExpenses,DeferredTaxAssetsOperatingLossCarryforwards,DeferredTaxAssetsValuationAllowance,Depreciation,DepreciationDepletionAndAmortization,DueToAffiliateCurrent,DueToOfficersOrStockholdersCurrent,DueToRelatedPartiesCurrent,DueToRelatedPartiesCurrentAndNoncurrent,EarningsPerShareBasicAndDiluted,EffectOfExchangeRateOnCashCashEquivalentsRestrictedCashAndRestrictedCashEquivalentsIncludingDisposalGroupAndDiscontinuedOperations,FederalIncomeTaxExpenseBenefitContinuingOperations,FiniteLivedIntangibleAssetsAccumulatedAmortization,ForeignCurrencyTransactionGainLossBeforeTax,GainLossOnDispositionOfAssets1,GeneralAndAdministrativeExpense,IncomeLossFromContinuingOperationsBeforeIncomeTaxesExtraordinaryItemsNoncontrollingInterest,IncreaseDecreaseInAccountsPayable,IncreaseDecreaseInAccountsReceivable,IncreaseDecreaseInAccruedLiabilities,IncreaseDecreaseInInventories,IncreaseDecreaseInPrepaidExpense,IntangibleAssetsNetIncludingGoodwill,InterestAndDebtExpense,InterestAndOtherIncome,InterestExpense,InterestPaidNet,InventoryNet,InventoryRawMaterialsAndSupplies,LeaseCost,LesseeOperatingLeaseLiabilityPaymentsDue,LesseeOperatingLeaseLiabilityPaymentsDueNextTwelveMonths,LesseeOperatingLeaseLiabilityPaymentsDueYearFive,LesseeOperatingLeaseLiabilityPaymentsDueYearFour,LesseeOperatingLeaseLiabilityPaymentsDueYearThree,LesseeOperatingLeaseLiabilityPaymentsDueYearTwo,LesseeOperatingLeaseLiabilityPaymentsRemainderOfFiscalYear,LesseeOperatingLeaseLiabilityUndiscountedExcessAmount,Liabilities,LiabilitiesAndStockholdersEquity,LiabilitiesCurrent,LoansPayableToBankCurrent,LongTermDebt,LongTermDebtMaturitiesRepaymentsOfPrincipalInNextTwelveMonths,LongTermDebtMaturitiesRepaymentsOfPrincipalInYearThree,LongTermDebtMaturitiesRepaymentsOfPrincipalInYearTwo,LongTermDebtMaturitiesRepaymentsOfPrincipalRemainderOfFiscalYear,LongTermLoansFromBank,NetCashProvidedByUsedInFinancingActivities,NetCashProvidedByUsedInInvestingActivities,NetCashProvidedByUsedInOperatingActivities,NetIncomeLoss,NonoperatingIncomeExpense,OperatingIncomeLoss,OperatingLeaseExpense,OperatingLeaseLiability,OperatingLeaseLiabilityCurrent,OperatingLeaseLiabilityNoncurrent,OperatingLeasePayments,OperatingLeaseRightOfUseAsset,OperatingLeaseRightOfUseAssetAmortizationExpense,OperatingLeaseWeightedAverageDiscountRatePercent,OperatingLossCarryforwards,OtherAssets,OtherComprehensiveIncomeForeignCurrencyTransactionAndTranslationAdjustmentBeforeTaxPortionAttributableToParent,OtherComprehensiveIncomeForeignCurrencyTransactionAndTranslationAdjustmentNetOfTaxPortionAttributableToParent,OtherReceivables,PaymentsToAcquirePropertyPlantAndEquipment,PreferredStockParOrStatedValuePerShare,PreferredStockSharesAuthorized,PreferredStockSharesIssued,PreferredStockSharesOutstanding,PrepaidExpenseAndOtherAssets,PrepaidExpenseAndOtherAssetsCurrent,PrepaidExpenseCurrentAndNoncurrent,ProceedsFromIssuanceOfCommonStock,ProceedsFromRelatedPartyDebt,ProceedsFromRepaymentsOfBankOverdrafts,ProceedsFromRepaymentsOfRelatedPartyDebt,ProceedsFromSaleOfPropertyPlantAndEquipment,PropertyPlantAndEquipmentGross,PropertyPlantAndEquipmentNet,RentalProperties,RepaymentsOfBankDebt,RepaymentsOfRelatedPartyDebt,RetainedEarningsAccumulatedDeficit,RevenueFromContractWithCustomerExcludingAssessedTax,RightOfUseAssetObtainedInExchangeForOperatingLeaseLiability,SaleOfStockConsiderationReceivedOnTransaction,SaleOfStockNumberOfSharesIssuedInTransaction,SharesIssuedPricePerShare,StockholdersEquity,StockIssuedDuringPeriodValueNewIssues,StockIssuedDuringPeriodValueOther,WeightedAverageNumberOfShareOutstandingBasicAndDiluted,DepreciationAndAmortization,IncreaseDecreaseInOperatingLeaseLiability,LoansPayableToBank,ProvisionForDoubtfulAccounts,RepaymentsOfDebt
2020-03-31,2020-08-03,10-K,SYNERGY EMPIRE LIMITED,SHMY,CIK0001766267,USD,143831.0,11427.0,90587.0,721.0,53244.0,70585.0,-2109.0,284093.0,,408941.0,128961.0,,,87492.0,87492.0,24322.0,60349.0,,0.0001,450000000.0,900000.0,900000.0,90.0,-174625.0,24068.0,101771.0,562573.0,196351.0,196351.0,100032.0,27089.0,644072.0,644072.0,280180.0,53973.0,-0.24,-2521.0,-25671.0,,,,460802.0,-215815.0,4757.0,-44123.0,-37537.0,-470.0,1419.0,,,,,5880.0,17005.0,17005.0,,146038.0,63419.0,17978.0,20302.0,19000.0,25339.0,,10550.0,1271268.0,408941.0,1158196.0,15267.0,45720.0,15267.0,14730.0,15723.0,,30453.0,235943.0,-32322.0,-176778.0,-215815.0,6352.0,-222167.0,,146038.0,63419.0,82619.0,71389.0,144536.0,141014.0,0.0665,,,41190.0,41190.0,1274.0,32322.0,0.0001,50000000.0,,,23743.0,23743.0,2001.0,,173682.0,,77487.0,,206029.0,135444.0,20468.0,12811.0,,-1144401.0,340406.0,215043.0,,,,-862327.0,,,900000.0,,,,,
2020-06-30,2020-08-14,10-Q,SYNERGY EMPIRE LIMITED,SHMY,CIK0001766267,USD,135186.0,6752.0,90438.0,726.0,44748.0,77936.0,-7661.0,284093.0,,362936.0,105389.0,,,61353.0,61353.0,-26139.0,,,0.0001,450000000.0,900000.0,900000.0,90.0,-30307.0,,24499.0,125701.0,,200640.0,24891.0,6831.0,,665673.0,272609.0,54060.0,-0.03,236.0,-2376.0,,992.0,,101202.0,-24755.0,-4725.0,,-9442.0,-4.0,2267.0,,,,1257.0,1586.0,17125.0,17125.0,20282.0,129241.0,25511.0,,18100.0,20440.0,19129.0,46061.0,2235.0,1255570.0,362936.0,1143364.0,9342.0,46109.0,15042.0,8720.0,16618.0,5729.0,36767.0,8304.0,-701.0,-33978.0,-24755.0,8972.0,-33727.0,,,53802.0,75439.0,17684.0,127351.0,18167.0,0.0665,15579.0,,-5552.0,-5552.0,3477.0,701.0,0.0001,50000000.0,,,26185.0,,2101.0,,17644.0,78.0,-9418.0,,208132.0,130196.0,20607.0,1116.0,9418.0,-1169156.0,91974.0,,,,,-892634.0,,,900000.0,,,,,
2020-09-30,2020-11-10,10-Q,SYNERGY EMPIRE LIMITED,SHMY,CIK0001766267,USD,144498.0,9680.0,93900.0,748.0,50598.0,56178.0,-34331.0,284093.0,,355646.0,138981.0,,,92512.0,92512.0,,,,0.0001,450000000.0,900000.0,900000.0,90.0,-83636.0,,17485.0,108812.0,210494.0,210494.0,,13876.0,,756272.0,281848.0,53695.0,-0.06,,,,,,91327.0,-56966.0,,,,,,,,,,,15672.0,15672.0,,90831.0,15995.0,,18665.0,21079.0,19726.0,15366.0,4288.0,1331916.0,355646.0,1229977.0,14699.0,48787.0,15512.0,8992.0,17137.0,7146.0,34088.0,,,,-56966.0,4357.0,-61323.0,,,22980.0,67851.0,,88492.0,18622.0,0.0665,310.0,,-26670.0,-26670.0,1311.0,,0.0001,50000000.0,,,30049.0,,7968.0,,,,,,184351.0,128173.0,20770.0,,,-1226122.0,47489.0,,,,,-976270.0,,,900000.0,,,,,
2020-12-31,2021-02-16,10-Q,SYNERGY EMPIRE LIMITED,SHMY,CIK0001766267,USD,122943.0,7366.0,96977.0,773.0,25966.0,64562.0,-67192.0,784083.0,,954427.0,690259.0,,,637953.0,637953.0,,,,0.0001,450000000.0,1000000.0,1000000.0,100.0,-111146.0,,12265.0,132081.0,223065.0,223065.0,,7174.0,,,282020.0,57588.0,-0.09,,,0.0,,,119816.0,-78285.0,,,,,,,,,,,8494.0,,,143924.0,31719.0,,29583.0,38699.0,36414.0,7509.0,6134.0,1541843.0,954427.0,1397511.0,15604.0,46738.0,16024.0,9269.0,17702.0,3744.0,31134.0,,,,-78285.0,39538.0,-117823.0,,143924.0,30726.0,113198.0,,140406.0,17999.0,0.0665,27932.0,,,-32861.0,1354.0,,0.0001,50000000.0,,,43039.0,,12896.0,,,,,,188324.0,123762.0,28789.0,,,-1304407.0,14258.0,,,,,-587416.0,500000.0,,903261.0,,,,,
2021-03-31,2021-06-29,10-K,SYNERGY EMPIRE LIMITED,SHMY,CIK0001766267,USD,170449.0,8857.0,135383.0,739.0,35066.0,75744.0,-34804.0,784083.0,5642.0,1020932.0,383769.0,,,345161.0,345161.0,257669.0,,,0.0001,5000000.0,1000000.0,1000000.0,100.0,-44557.0,,57655.0,550088.0,201452.0,201452.0,97839.0,34362.0,894480.0,,,,-0.01,1309.0,-74619.0,,5716.0,8726.0,492433.0,-11862.0,-3026.0,-12.0,21319.0,-6236.0,1653.0,,4742.0,113.0,2141.0,4741.0,11482.0,,,312635.0,63493.0,35324.0,68616.0,74908.0,70294.0,,,1427816.0,1020932.0,1152838.0,15559.0,41395.0,15559.0,8647.0,17189.0,,25836.0,719633.0,-211663.0,-251610.0,-11862.0,377094.0,-388956.0,,312635.0,63493.0,249142.0,73865.0,308918.0,63659.0,0.054,,,,-32695.0,1419.0,221988.0,0.0001,500000.0,0.0,0.0,26387.0,26387.0,1017.0,500000.0,225817.0,,,10325.0,403989.0,328245.0,23951.0,6184.0,,-1156263.0,161132.0,246652.0,,,,-406884.0,500000.0,,925479.0,,,41395.0,,
2021-06-30,2021-08-09,10-Q,SYNERGY EMPIRE LIMITED,SHMY,CIK0001766267,USD,81316.0,7917.0,37816.0,737.0,43500.0,94898.0,-32502.0,784083.0,-563.0,809780.0,172771.0,,,132774.0,132774.0,-212387.0,60218.0,,0.0001,450000000.0,1000000.0,1000000.0,100.0,-104129.0,,3989.0,125857.0,219953.0,219953.0,35695.0,19446.0,892741.0,,,,-0.11,1649.0,-10583.0,,-36042.0,,121868.0,-106431.0,-926.0,,-89420.0,1363.0,122.0,1554.0,,,,955.0,12810.0,,,301263.0,71596.0,,35411.0,72383.0,72546.0,49327.0,4375.0,1320793.0,809780.0,1064748.0,15931.0,37556.0,17151.0,,8609.0,11796.0,21625.0,-3773.0,-31775.0,-178488.0,-106431.0,8379.0,-114810.0,,301263.0,66843.0,234420.0,20597.0,297255.0,16222.0,0.057,,1618.0,,2302.0,1633.0,30184.0,0.0001,50000000.0,0.0,0.0,26450.0,,870.0,,,-3773.0,,,433098.0,338200.0,22329.0,3773.0,,-1262694.0,11047.0,,,,,-511013.0,,,1000000.0,,,,,
2021-09-30,2021-11-12,10-Q,SYNERGY EMPIRE LIMITED,SHMY,CIK0001766267,USD,69230.0,7944.0,37792.0,731.0,31438.0,113700.0,-25657.0,784083.0,,667595.0,69769.0,,,26926.0,26926.0,,60155.0,,0.0001,5000000.0,1000000.0,1000000.0,100.0,-107311.0,,6732.0,144129.0,239829.0,239829.0,,,892354.0,,,,-0.11,,,-66.0,,,137397.0,-114156.0,,,,,,1503.0,,,,,15306.0,,,282952.0,71026.0,,35129.0,68560.0,75217.0,33020.0,8456.0,1285919.0,667595.0,1053761.0,16208.0,33439.0,17015.0,,8522.0,7902.0,17231.0,,,,-114156.0,13136.0,-127292.0,,282952.0,68025.0,214927.0,,278678.0,,0.057,,1802.0,,6845.0,1605.0,,0.0001,500000.0,0.0,0.0,26806.0,,1248.0,,,,,,431345.0,317645.0,22151.0,,,-1376850.0,16837.0,,,,,-618324.0,,,1000000.0,,,,,
2021-12-31,2022-02-07,10-Q,SYNERGY EMPIRE LIMITED,SHMY,CIK0001766267,USD,74023.0,10273.0,38390.0,,35633.0,134094.0,-30112.0,784083.0,,683076.0,105231.0,,,61704.0,61704.0,,60010.0,250000.0,0.0001,5000000.0,1000000.0,1000000.0,100.0,-89346.0,,15753.0,149865.0,254305.0,254305.0,,58852.0,1008775.0,,,,-0.08,,,105.0,,,134112.0,-84891.0,,,,,,1470.0,,,,,18004.0,,,268021.0,71348.0,,35289.0,68871.0,75558.0,16955.0,12312.0,1390746.0,683076.0,1179840.0,16687.0,29654.0,17092.0,,8542.0,4020.0,12967.0,,,,-84891.0,10453.0,-95344.0,,268021.0,70082.0,197939.0,,263429.0,,0.057,,1690.0,,-4455.0,630.0,,0.0001,500000.0,0.0,0.0,25523.0,,952.0,,,,,,447040.0,312946.0,22251.0,,,-1461741.0,54521.0,,,,,-707670.0,,,1000000.0,,,29654.0,,
