end,filed,form,Name,Ticker,CIK,Currency,AccountsPayableCurrent,AccountsPayableRelatedPartiesCurrent,AccountsReceivableNetCurrent,AccretionExpense,AccruedLiabilitiesCurrent,AccruedSalariesCurrentAndNoncurrent,AccumulatedDepreciationDepletionAndAmortizationPropertyPlantAndEquipment,AdditionalPaidInCapital,AllowanceForDoubtfulAccountsReceivable,Assets,AssetsCurrent,BankOverdrafts,BuildingsAndImprovementsGross,CashAndCashEquivalentsAtCarryingValue,CashAndCashEquivalentsPeriodIncreaseDecrease,CashEquivalentsAtCarryingValue,CommonStockParOrStatedValuePerShare,CommonStockShareSubscribedButUnissuedSubscriptionsReceivable,CommonStockSharesAuthorized,CommonStockSharesIssued,CommonStockSharesOutstanding,CommonStockSharesSubscribedButUnissued,CommonStockSharesSubscriptions,CommonStockValue,ComprehensiveIncomeNetOfTax,CostOfRevenue,DebtConversionConvertedInstrumentAmount1,DeferredTaxAssetsOperatingLossCarryforwards,DeferredTaxAssetsOperatingLossCarryforwardsSubjectToExpiration,Depreciation,DepreciationAndAmortization,DepreciationDepletionAndAmortization,DevelopmentStageEnterpriseDeficitAccumulatedDuringDevelopmentStage,DisposalGroupNotDiscontinuedOperationLossGainOnWriteDown,DueToRelatedPartiesCurrent,EarningsPerShareBasic,EarningsPerShareBasicAndDiluted,GainLossOnDispositionOfAssets,GainLossOnDispositionOfAssets1,GeneralAndAdministrativeExpense,GrossProfit,ImpairmentOfLongLivedAssetsToBeDisposedOf,IncomeLossFromContinuingOperations,IncomeLossFromContinuingOperationsBeforeIncomeTaxesDomestic,IncomeLossFromContinuingOperationsBeforeIncomeTaxesExtraordinaryItemsNoncontrollingInterest,IncomeTaxesPaid,IncomeTaxesPaidNet,IncreaseDecreaseInAccountsPayable,IncreaseDecreaseInAccountsPayableTrade,IncreaseDecreaseInAccountsReceivable,IncreaseDecreaseInAccruedLiabilities,IncreaseDecreaseInAccruedSalaries,IncreaseDecreaseInAccruedTaxesPayable,IncreaseDecreaseInDueToRelatedParties,IncreaseDecreaseInEmployeeRelatedLiabilities,IncreaseDecreaseInInventories,IncreaseDecreaseInNotesPayableRelatedParties,InterestPaid,InterestPaidNet,InventoryNet,InventoryRealEstate,IssuanceOfStockAndWarrantsForServicesOrClaims,LaborAndRelatedExpense,Land,LeaseAndRentalExpense,Liabilities,LiabilitiesAndStockholdersEquity,LiabilitiesCurrent,MarketingAndAdvertisingExpense,MarketingExpense,NetCashProvidedByUsedInFinancingActivities,NetCashProvidedByUsedInInvestingActivities,NetCashProvidedByUsedInOperatingActivities,NetIncomeLoss,NetIncomeLossAvailableToCommonStockholdersBasic,NotesPayableRelatedPartiesNoncurrent,OperatingExpenses,OperatingIncomeLoss,OperatingLeasesRentExpenseNet,OperatingLossCarryforwards,OperatingLossCarryforwardsValuationAllowance,OtherAssets,OtherAssetsNoncurrent,OtherComprehensiveIncomeLossNetOfTax,OtherComprehensiveIncomeLossNetOfTaxPortionAttributableToParent,OtherComprehensiveIncomeLossTax,OtherGeneralAndAdministrativeExpense,OtherNonoperatingExpense,PaymentsToAcquirePropertyPlantAndEquipment,PaymentsToAcquireRealEstateHeldForInvestment,PreferredStockParOrStatedValuePerShare,PreferredStockSharesAuthorized,PreferredStockSharesIssued,PreferredStockValue,ProceedsFromIssuanceOfCommonStock,ProceedsFromIssuanceOrSaleOfEquity,ProceedsFromLoans,ProceedsFromOtherDeposits,ProceedsFromRelatedPartyDebt,ProceedsFromRepaymentsOfBankOverdrafts,ProceedsFromSaleOfRealEstateHeldforinvestment,ProfessionalFees,ProfitLoss,PropertyPlantAndEquipmentDisposals,PropertyPlantAndEquipmentGross,PropertyPlantAndEquipmentNet,RealEstateHeldforsale,RealEstateTaxExpense,RelatedPartyDepositLiabilities,ResearchAndDevelopmentExpense,RetainedEarningsAccumulatedDeficit,Revenues,SalariesAndWages,SalariesWagesAndOfficersCompensation,SaleOfStockNumberOfSharesIssuedInTransaction,SaleOfStockPercentageOfOwnershipAfterTransaction,SellingGeneralAndAdministrativeExpense,ShareBasedCompensation,ShareBasedCompensationArrangementByShareBasedPaymentAwardFairValueAssumptionsExercisePrice,StockholdersEquity,StockholdersEquityIncludingPortionAttributableToNoncontrollingInterest,StockIssuedDuringPeriodSharesIssuedForCash,StockIssuedDuringPeriodSharesIssuedForServices,StockIssuedDuringPeriodSharesNewIssues,StockIssuedDuringPeriodSharesOther,StockIssuedDuringPeriodSharesShareBasedCompensation,StockIssuedDuringPeriodValueIssuedForCash,StockIssuedDuringPeriodValueIssuedForServices,StockIssuedDuringPeriodValueNewIssues,StockIssuedDuringPeriodValueOther,StockIssuedDuringPeriodValueShareBasedCompensation,SuppliesExpense,TaxesExcludingIncomeAndExciseTaxes,TemporaryEquityShareSubscriptions,TravelAndEntertainmentExpense,ValuationAllowanceDeferredTaxAssetChangeInAmount,WeightedAverageNumberOfShareOutstandingBasicAndDiluted,WeightedAverageNumberOfSharesOutstandingBasic
2010-12-31,2011-01-28,10-K,ALPHA NETWORK ALLIANCE VENTURES INC.,ANAV,CIK0001491829,USD,,0.0,,,,,,,,0.0,0.0,,,47022.0,-3139.0,,0.0001,,500000000.0,31390000.0,31390000.0,,,3139.0,,,,,,,,0.0,3139.0,,,,,,,3139.0,-3139.0,,-3139.0,,,,,,,,,,,,,,,,,,,,,,,0.0,0.0,,,,0.0,0.0,-3139.0,,,,3139.0,,,,,,,,,,,,0.0,,0.0001,20000000.0,,0.0,,,,,,,,,-3139.0,,,0.0,,,,,,,,,,,,,,0.0,,,,,,,,,,,,,,,,,31390000.0,
2011-03-31,2011-04-19,10-Q,ALPHA NETWORK ALLIANCE VENTURES INC.,ANAV,CIK0001491829,USD,,,,,,,,,,,,,,31240.0,31240.0,,,,,,,,,,,,,,,,,,,,,,0.0,,,17248.0,-17722.0,,,,,,,,,,,,,41461.0,,,,,,,,,,,,,,,,474.0,48961.0,,-17722.0,,,,17722.0,,,,,,,,,,,,,,,,,,,7500.0,,,,,,,-17722.0,,,,,,,,,,,,,,,,,,,,,,,,,,,,,,,,,,106390000.0,
2011-09-30,2011-10-03,10-Q,ALPHA NETWORK ALLIANCE VENTURES INC.,ANAV,CIK0001491829,USD,,,,,,,,,,,,,,60751.0,,,0.0001,,500000000.0,31390000.0,31390000.0,,,3139.0,,,,,,,,,3139.0,,,,,,,50550.0,-52630.0,,,,,,,,,,,,,,,,,,,,,,,,,,,,,2080.0,,,,,,,52630.0,,,,,,,,,,,,,,0.0001,20000000.0,,,,,,,,,,,-52630.0,,,,,,,,,,,,,,,,,,,,,,,,,,,,,,,,,,,31390000.0
2011-12-31,2012-04-16,10-K,ALPHA NETWORK ALLIANCE VENTURES INC.,ANAV,CIK0001491829,USD,,618313.0,,,,,8226.0,,,457385.0,22215.0,,150000.0,22215.0,22215.0,,0.0001,,500000000.0,106390000.0,106390000.0,,,10639.0,,,,,,,,8226.0,171567.0,,,,,,,158930.0,-171567.0,,-171567.0,,,,,,,,,,,618314.0,,,,,,,,,,200000.0,,618313.0,457385.0,,,12637.0,618314.0,-432758.0,-163341.0,,,,171567.0,,,,,,,,,,,,443397.0,,0.0001,20000000.0,,0.0,,,,,618313.0,,,,-171567.0,,243397.0,435170.0,,,,,,,,,,,,,,-160928.0,-160928.0,,,,,,,,,,,,,,,,106390000.0,
2012-03-31,2012-05-15,10-Q,ALPHA NETWORK ALLIANCE VENTURES INC.,ANAV,CIK0001491829,USD,,621813.0,,,,,,,,450131.0,,,,21130.0,-1085.0,,0.0001,,8000000000.0,106390000.0,106390000.0,,,10639.0,,,,,,6170.0,,6170.0,182321.0,,,,0.0,,,28487.0,-10755.0,,,,-28864.0,,,,,,,,,3500.0,,,,,,,,,,,1000.0,621813.0,450131.0,,,377.0,3500.0,,-4585.0,,,,28864.0,,,,,,,,,,297.0,,,,0.0001,2000000000.0,,0.0,,,,,,,,3149.0,-28864.0,,,429001.0,,,,,,,,,,,,,,-171682.0,,,,,,,,,,,,,,,,,106390000.0,
2012-06-30,2012-08-20,10-Q,ALPHA NETWORK ALLIANCE VENTURES INC.,ANAV,CIK0001491829,USD,,621813.0,,,,,20566.0,10040.0,,431317.0,,,150000.0,8486.0,,,0.0001,,8000000000.0,106490500.0,106490500.0,,,10649.0,,,,,,6170.0,,,211185.0,,,,,,,28487.0,-28864.0,,,,,,,,,,,,,,,,,,,,,,,200000.0,1649.0,621813.0,431317.0,,,377.0,,,,,,,28864.0,,,,,,,,,,6865.0,,,,0.0001,2000000000.0,,0.0,,,,,,,,14180.0,-28864.0,,243397.0,422831.0,,,,,,,,,,,28864.0,,,-190496.0,,,,,,,,,,,,,,,,,,
2012-09-30,2012-11-14,10-Q,ALPHA NETWORK ALLIANCE VENTURES INC.,ANAV,CIK0001491829,USD,,631813.0,,,,,26736.0,10040.0,,422718.0,,,150000.0,6058.0,,,0.0001,,8000000000.0,106490500.0,106490500.0,,,10649.0,,,,,,6170.0,,,229784.0,,,,,,,16251.0,-18598.0,,,,-18598.0,,,,,,,,,,,,,,,,,,,200000.0,361.0,631813.0,422718.0,,,2347.0,,,,,,,18598.0,,,,,,,,,,6621.0,,,,0.0001,2000000000.0,,,,,,,,,,3099.0,-18598.0,,243397.0,416660.0,,,,,,,,,,,,,,-209095.0,,,,,,,,,,,,,,,,,,
2012-12-31,2013-04-02,10-K,ALPHA NETWORK ALLIANCE VENTURES INC.,ANAV,CIK0001491829,USD,,634114.0,,,,,32906.0,18734.0,,415799.0,5308.0,,150000.0,5308.0,-16907.0,0.0,0.0001,,8000000000.0,106548500.0,106548500.0,,,10655.0,,,,27698.0,247704.0,24680.0,,24680.0,247704.0,,,0.0,,,,69066.0,-76137.0,,,,-76137.0,,,,,,,,,15801.0,,,,,,0.0,,,,200000.0,9496.0,634114.0,415799.0,634114.0,,7110.0,34550.0,,-51457.0,-76137.0,-76137.0,634114.0,79137.0,-76137.0,,84219.0,-84219.0,,,,,,8904.0,,,,0.0001,2000000000.0,0.0,,18750.0,18750.0,,,,,,25987.0,-76137.0,,243397.0,410491.0,,,,2961.0,,3000.0,,,,,,,,-218315.0,-218315.0,158500.0,,158500.0,158500.0,,,,18750.0,,,,,,,-27698.0,,106548500.0
2013-03-31,2013-05-15,10-Q,ALPHA NETWORK ALLIANCE VENTURES INC.,ANAV,CIK0001491829,USD,,631613.0,,,,,39076.0,71879.0,,410215.0,,,150000.0,5895.0,587.0,,0.0001,,8000000000.0,106904034.0,106904034.0,,,10691.0,,,,,,6170.0,,6170.0,303968.0,,,0.0,,,,52381.0,-56263.0,,,,-56263.0,,,,,,,,,-2501.0,,,,,,,,,,200000.0,18588.0,631613.0,410215.0,,,3882.0,50680.0,,-50093.0,,,,56263.0,-56263.0,,,,,,,,,16723.0,,,,0.0001,2000000000.0,0.0,,,53181.0,,,,,,10900.0,-56263.0,,243397.0,404321.0,,,,,,,,,,,,,,-221398.0,,,,355534.0,,,,,,,,,,,,,,106726267.0
2013-06-30,2013-08-05,10-Q,ALPHA NETWORK ALLIANCE VENTURES INC.,ANAV,CIK0001491829,USD,,647814.0,,,,,45246.0,78523.0,,403197.0,,,150000.0,3529.0,,,0.0001,,8000000000.0,106948367.0,106948367.0,,,10696.0,,,,,,12340.0,,,333836.0,,,0.0,,,,29868.0,,,,,-31794.0,,,,,,,,,,,,,,,1517.0,,,,200000.0,,647814.0,403197.0,,,1926.0,,,,,,634114.0,31794.0,-31794.0,,,,,,,,,,,,,0.0001,2000000000.0,0.0,,,,,,,,,,-31794.0,,243397.0,398151.0,,,300000.0,,,,,,,,,,,-244617.0,,,,,,,,,,,,,,,,,,106948367.0
2013-09-30,2013-10-31,10-Q,ALPHA NETWORK ALLIANCE VENTURES INC.,ANAV,CIK0001491829,USD,,707314.0,,,,,51416.0,78523.0,,408851.0,,,150000.0,5656.0,,,0.0001,,8000000000.0,106948367.0,106948367.0,,,10696.0,,,,,,18510.0,,,387682.0,,,0.0,,,,47992.0,,,,,-53846.0,,,,,,,,,,,,,,,11214.0,,,,200000.0,8184.0,707314.0,408850.0,,,5854.0,,,,,,707314.0,53846.0,-53846.0,972.0,,,,,,,,19001.0,,,,0.0001,2000000000.0,0.0,,,,,,,,,11067.0,-53846.0,,443397.0,391981.0,,,300000.0,,,,,,,,,,,-298463.0,,,,,,,,,,,,,,,16952.0,,,106948367.0
2013-12-31,2014-04-15,10-K,ALPHA NETWORK ALLIANCE VENTURES INC.,ANAV,CIK0001491829,USD,,769354.0,,,,,10998.0,49593.0,,411528.0,26679.0,,0.0,15465.0,10157.0,0.0,0.0001,43887.0,8000000000.0,106754368.0,106754368.0,277366.0,41605.0,10676.0,,,,72079.0,459700.0,4413.0,,4582.0,459700.0,,,0.0,,,,156436.0,,-42843.0,,-211996.0,-211996.0,,,,,,,,,135240.0,,11214.0,,,,11214.0,351715.0,,,0.0,,769354.0,411528.0,769354.0,,3342.0,207725.0,21060.0,-218628.0,-211996.0,-211996.0,769354.0,169153.0,-169153.0,2989.0,156298.0,-156298.0,351715.0,351715.0,,,,36473.0,42843.0,-372775.0,351715.0,0.0001,2000000000.0,0.0,,30800.0,72485.0,,,,,,32279.0,-211996.0,,44132.0,33134.0,351715.0,,300000.0,15911.0,,,,,,,,,,-357826.0,-357826.0,205868.0,,205868.0,205868.0,0.0,30880.0,,30880.0,30880.0,,,,,48132.0,-72079.0,,106651434.0
2014-03-31,2014-05-19,10-Q,ALPHA NETWORK ALLIANCE VENTURES INC.,ANAV,CIK0001491829,USD,4450.0,781253.0,,,,,12261.0,166854.0,,426920.0,36300.0,,0.0,7231.0,-8234.0,0.0,0.0001,,8000000000.0,107536584.0,107536584.0,,2298.0,10754.0,,,,,,1263.0,,1263.0,538689.0,,,0.0,,,,78989.0,,,,-91059.0,-78989.0,,,4450.0,,,,,12070.0,11899.0,,17855.0,,,,29069.0,351715.0,,21620.0,0.0,,785703.0,426920.0,785703.0,,6019.0,89931.0,-7034.0,-91131.0,,,781253.0,91059.0,-91059.0,2958.0,,,351715.0,,,,,12850.0,,7034.0,,,,,,75830.0,78032.0,,,,,,21008.0,-91059.0,,51166.0,38905.0,,12070.0,300000.0,,,,,,,,,,,-358783.0,,277366.0,,277366.0,,,,,,,,,,,12927.0,,,107145476.0
2014-06-30,2014-08-19,10-Q,ALPHA NETWORK ALLIANCE VENTURES INC.,ANAV,CIK0001491829,USD,4100.0,833965.0,,,,,13708.0,188762.0,,441324.0,37180.0,1655.0,14971.0,1238.0,,0.0,0.0001,1000.0,8000000000.0,107710251.0,107710251.0,,1297.0,10771.0,,,,,,2709.0,,,599226.0,,,0.0,,,,38615.0,,,,-59906.0,-59906.0,,,,,,,,,,,,,,,35942.0,351715.0,,2936.0,,,839720.0,441324.0,839720.0,20625.0,21291.0,,,,,,833965.0,59906.0,-59906.0,2221.0,,,351715.0,,,,,20869.0,,,,,,,,300.0,,,,,,,10134.0,-59906.0,,66137.0,52429.0,,,300000.0,,,,,,,,,,,-398396.0,,2000.0,165000.0,,,,,,,,,,,,2082.0,,,107333734.0
2014-09-30,2015-01-06,10-Q,ALPHA NETWORK ALLIANCE VENTURES INC.,ANAV,CIK0001491829,USD,,877148.0,,,,,15164.0,264826.0,,451977.0,40714.0,,23546.0,1678.0,,0.0,0.0001,,8000000000.0,108531251.0,108531251.0,,,10853.0,,,,,,4166.0,,,700850.0,,,0.0,,,,,,,,-101623.0,,,,,,,,,,,,,,,,39036.0,,,,,,877148.0,451977.0,877148.0,,77164.0,,,,,,877148.0,101623.0,-101623.0,479.0,,,,351715.0,,,,7948.0,,,,,,,,,,,,,,,5171.0,-101623.0,,74712.0,59548.0,351715.0,,300000.0,,,,,,,,,,,-425171.0,,,,,,,,,,,,,,,10407.0,,,107604996.0
2014-12-31,2015-04-15,10-K,ALPHA NETWORK ALLIANCE VENTURES INC.,ANAV,CIK0001491829,USD,,928179.0,48385.0,,,25000.0,16736.0,802117.0,,491924.0,82234.0,,23545.0,4732.0,-10733.0,0.0,0.0001,,8000000000.0,112868051.0,112868051.0,,,11287.0,,22429.0,,283761.0,1274659.0,5738.0,,5738.0,1294290.0,,,-0.01,,,,,25956.0,,,-834590.0,,,,,,48385.0,,,19632.0,183825.0,,17903.0,,,,29117.0,,633199.0,49556.0,,,972810.0,491924.0,972810.0,,6813.0,262157.0,-30580.0,-242310.0,-834590.0,-834590.0,928179.0,860546.0,-834590.0,6049.0,440059.0,-440059.0,,351715.0,,,,32829.0,,30580.0,,,,,,78332.0,78332.0,,,,,,48763.0,-834590.0,,74711.0,57975.0,351715.0,19631.0,300000.0,,-1294290.0,48385.0,,,,,,633198.0,,-480886.0,-480886.0,514317.0,5322000.0,514317.0,514317.0,5322000.0,78332.0,633198.0,78332.0,78332.0,633198.0,,,,44980.0,-283761.0,,108291416.0
2015-03-31,2015-05-20,10-Q,ALPHA NETWORK ALLIANCE VENTURES INC.,ANAV,CIK0001491829,USD,,611004.0,56385.0,,,100000.0,18309.0,802117.0,,150004.0,93602.0,,23545.0,3734.0,-998.0,0.0,,,,,,,,11287.0,,6547.0,,,,1573.0,,1573.0,1394035.0,,,0.0,,-1715.0,,,1453.0,,,-99745.0,,,,,,8000.0,,,,107825.0,,4366.0,,,,33483.0,,,75000.0,,,730635.0,150004.0,730635.0,,387.0,107825.0,,-108823.0,,,928179.0,99483.0,-98030.0,,,,,,,,,11505.0,1715.0,,,,,,,,,,,,,,5112.0,-99745.0,350000.0,74711.0,56402.0,,,311004.0,,,8000.0,,,,,,,,-580631.0,,,,,,,,,,,,,,,3023.0,,,109737615.0
2015-06-30,2015-08-19,10-Q,ALPHA NETWORK ALLIANCE VENTURES INC.,ANAV,CIK0001491829,USD,,628323.0,87753.0,,,175000.0,19882.0,903666.0,,178931.0,124102.0,,23545.0,2847.0,,0.0,0.0001,,8000000000.0,112868051.0,112868051.0,,,11338.0,,2471.0,,,,,,,,,,0.0,,,,,34577.0,,,-164993.0,,,,,,,,,,,,,,,,33502.0,,,80715.0,,,822954.0,178931.0,822954.0,,101600.0,,,,,,628323.0,199570.0,-164993.0,418.0,,,,,,,,9013.0,,,,,,,,,,,,,,,3745.0,-164993.0,,74711.0,54829.0,0.0,,300000.0,,-1559027.0,37048.0,,,,,,,,-644023.0,,,,,,,,,,,,,,,1789.0,,,110269615.0
2015-09-30,2015-11-23,10-Q,ALPHA NETWORK ALLIANCE VENTURES INC.,ANAV,CIK0001491829,USD,,656394.0,68800.0,,,250000.0,20782.0,903666.0,,132222.0,78293.0,,23545.0,9493.0,,0.0,0.0001,,8000000000.0,113376051.0,113376051.0,,,11338.0,,8123.0,,,,,,,,,,0.0,,,,,1603.0,,,-97012.0,,,,,,,,,,,,,,,,,,,82278.0,,,906394.0,132222.0,906394.0,,,,,,,,656394.0,98615.0,-97012.0,129.0,,,,,,,,10048.0,,,,,,,,,,,,,,,5420.0,-97012.0,,74711.0,53929.0,,,300000.0,,-1689176.0,9726.0,,,,,,,,-774172.0,,,,,,,,,,,,,,,462.0,,,112692071.0
2015-12-31,2016-05-24,10-K,ALPHA NETWORK ALLIANCE VENTURES INC.,ANAV,CIK0001491829,USD,,647240.0,34917.0,,,325000.0,21459.0,903664.0,,65862.0,43189.0,,,4507.0,-225.0,0.0,0.0001,,8000000000.0,113405751.0,113405751.0,,,11341.0,,47987.0,,,,4044.0,,4044.0,,,,0.0,,-31258.0,,,8937.0,,,-527093.0,,,,,,-13468.0,,,,-570.0,,-25352.0,,,,3765.0,,,315900.0,,,972240.0,65862.0,972240.0,,586.0,-570.0,382973.0,-382628.0,-527093.0,-527093.0,647240.0,504772.0,-495835.0,672.0,,,,0.0,,,,14870.0,31258.0,,,,,,,,,,,,,351715.0,34836.0,-527093.0,,44132.0,22673.0,0.0,,300000.0,,-1821383.0,56924.0,,,,,,101600.0,,-906378.0,-906378.0,,537700.0,0.0,,537700.0,,101601.0,101601.0,,101601.0,,,,23522.0,,,112692071.0
2016-03-31,2016-05-23,10-Q,ALPHA NETWORK ALLIANCE VENTURES INC.,ANAV,CIK0001491829,USD,,647182.0,16887.0,,,400000.0,23032.0,903664.0,,42929.0,21829.0,,,4942.0,435.0,0.0,0.0001,,8000000000.0,113405751.0,113405751.0,,,11341.0,,11622.0,,,,1573.0,,1573.0,,,,0.0,,,,,2892.0,,,-97875.0,,,,,,-18030.0,,,,74942.0,,-3765.0,,,,,,,76500.0,,,1047182.0,42929.0,1047182.0,,244.0,74942.0,,-74507.0,,,647182.0,100767.0,-97875.0,392.0,,,,,,,,19225.0,,,,,,,,,,,,,,,800.0,-97875.0,,44132.0,21100.0,,,300000.0,,-1919258.0,14514.0,,,,,,,,-1004253.0,,,,,,,,,,,,,,,3340.0,,,112692071.0
2016-06-30,2016-08-22,10-Q,ALPHA NETWORK ALLIANCE VENTURES INC.,ANAV,CIK0001491829,USD,,697681.0,56510.0,,,475000.0,24605.0,903664.0,,78910.0,59383.0,,,2873.0,,0.0,0.0001,,8000000000.0,113405751.0,113405751.0,,,11341.0,,11622.0,,,,,,,,,,0.0,,,,,2892.0,,,-97875.0,,,,,,,,,,,,,,,,,,,76500.0,,,1172681.0,78910.0,1172681.0,,244.0,,,,,,697681.0,100767.0,-97875.0,392.0,,,,,,,,19225.0,,,,,,,,,,,,,,,800.0,-97875.0,,,19527.0,,,300000.0,,-2008776.0,14514.0,,,,,,,,-1093771.0,,,,,,,,,,,,,,,3340.0,,,112692071.0
2016-09-30,2016-11-15,10-Q,ALPHA NETWORK ALLIANCE VENTURES INC.,ANAV,CIK0001491829,USD,,718996.0,60034.0,,,550000.0,26178.0,903664.0,,78582.0,60628.0,,,594.0,,0.0,0.0001,,8000000000.0,113405751.0,113405751.0,,,11341.0,,906.0,,,,,,,,,,0.0,,,,,2618.0,,,-76857.0,,,,,,,,,,,,,,,,,,,75000.0,,,1268996.0,78582.0,1268996.0,,,,,,,,718996.0,79475.0,-76857.0,99.0,,,,,,,,3737.0,,,,,,,,,,,,,,,334.0,-76857.0,,,17954.0,,,300000.0,,-2105420.0,3524.0,,,,,,,,-1190415.0,,,,,,,,,,,,,,,90.0,,,112692071.0
2016-12-31,2017-04-17,10-K,ALPHA NETWORK ALLIANCE VENTURES INC.,ANAV,CIK0001491829,USD,,746212.0,61836.0,,,625000.0,27751.0,903664.0,0.0,89050.0,72669.0,,,10833.0,6326.0,0.0,0.0001,,8000000000.0,113405751.0,113405751.0,,,11341.0,-375784.0,38175.0,,,,6292.0,,6292.0,,,,0.0,,,,,21288.0,,,-375784.0,,,,,,26919.0,,300000.0,,398973.0,,-3765.0,98973.0,,,,,,301500.0,,,1371212.0,89050.0,1371212.0,,244.0,98973.0,,-92646.0,-375784.0,-375784.0,746212.0,397072.0,-375784.0,1593.0,,,,,,,,24735.0,,,,,,,,,,,,,,,27376.0,-375784.0,,,16381.0,,,300000.0,,-2197167.0,59463.0,,,,,,,,-1282162.0,-1282162.0,,,0.0,,,,,,,,,,,25289.0,,,113405751.0
2017-03-31,2017-05-10,10-Q,ALPHA NETWORK ALLIANCE VENTURES INC.,ANAV,CIK0001491829,USD,,757955.0,25538.0,,,700000.0,29324.0,903664.0,,47238.0,32430.0,,,6892.0,-3941.0,0.0,0.0001,,8000000000.0,113405751.0,113405751.0,,,11341.0,-128555.0,2662.0,,,,1573.0,,1573.0,,,,0.0,,,,,830.0,,,-90826.0,,,,,,-36298.0,75000.0,75000.0,,11743.0,,,11743.0,,,,,,95015.0,,,1457955.0,47238.0,1457955.0,,299.0,11743.0,,-15684.0,,,757955.0,129385.0,-90826.0,297.0,,,,,,,,11953.0,,,,,,,,,,,,,,,6830.0,-128555.0,,,14808.0,,,300000.0,,-2325722.0,3492.0,,,,,,,,-1410717.0,,,,0.0,,,,,,,,,,,12435.0,,,113405751.0
2017-06-30,2017-08-21,10-Q,ALPHA NETWORK ALLIANCE VENTURES INC.,ANAV,CIK0001491829,USD,,773287.0,23148.0,,,775000.0,30897.0,903664.0,,46743.0,33508.0,,,10360.0,,0.0,0.0001,,8000000000.0,113405751.0,113405751.0,,,11341.0,-90826.0,3024.0,,,,,,,,,,0.0,,,,,907.0,,,,,,,,,,,,,,,,,,,,,,77000.0,,,1548287.0,46743.0,1548287.0,,299.0,,,,,,773287.0,91733.0,,317.0,,,,,,,,6176.0,,,,,,,,,,,,,,,4570.0,-90826.0,,,13235.0,,,300000.0,,-2416549.0,3931.0,,,,,,,,-1501544.0,,,,,,,,,,,,,,,2013.0,,,113405751.0
2017-09-30,2017-11-17,10-Q,ALPHA NETWORK ALLIANCE VENTURES INC.,ANAV,CIK0001491829,USD,,805357.0,26663.0,,,850000.0,32470.0,903664.0,,40157.0,28495.0,,,1832.0,,0.0,0.0001,,8000000000.0,113405751.0,113405751.0,,,11341.0,-113657.0,2704.0,,,,,,,,,,0.0,,,,,811.0,,,-113657.0,,,,,,,,,,,,,,,,,,,81500.0,,,1655357.0,40157.0,1655357.0,,15.0,,,,,,805357.0,114468.0,-113657.0,472.0,,,,,,,,12853.0,,,,,,,,,,,,,,,5276.0,-113657.0,,,11662.0,,,300000.0,,-2530205.0,3515.0,,,,,,,,-1615200.0,,,,,,,,,,,,,,,9026.0,,,113405751.0
2017-12-31,2018-04-16,10-K,ALPHA NETWORK ALLIANCE VENTURES INC.,ANAV,CIK0001491829,USD,37559.0,857421.0,41557.0,,,1250000.0,34043.0,903664.0,0.0,53714.0,43625.0,,,2068.0,-8765.0,3601.0,0.0001,,8000000000.0,113405751.0,113405751.0,,,11341.0,-809104.0,59900.0,,,,6292.0,,6292.0,,,,-0.01,,,,,24170.0,,,,,,,37559.0,,-20279.0,,625000.0,,111209.0,,,111209.0,,,,,,656495.0,,,2144980.0,53714.0,2144980.0,,314.0,111209.0,,-119974.0,-809104.0,-809104.0,857421.0,833274.0,,1365.0,,,,,,,,48894.0,,,,,,,,,,,,,,,68454.0,-809104.0,,,10089.0,,,300000.0,,-3006271.0,84070.0,,,,,,,,-2091266.0,-2091266.0,,,0.0,,,,,,,,,,,40092.0,,,113405751.0
2018-03-31,2018-05-22,10-Q,ALPHA NETWORK ALLIANCE VENTURES INC.,ANAV,CIK0001491829,USD,38892.0,929595.0,74605.0,,,1250000.0,35616.0,903664.0,0.0,89681.0,81165.0,,,6560.0,4492.0,0.0,0.0001,,8000000000.0,113405751.0,113405751.0,,,11341.0,-186206.0,24258.0,,,,1573.0,,1573.0,,,,-0.01,,,,,8790.0,,,,,,,1333.0,,33048.0,,150000.0,,,,,72173.0,,,,,,151000.0,,,2368487.0,89681.0,2368487.0,,325.0,72173.0,,-67681.0,,,929595.0,194996.0,,206.0,,,,,,,,14218.0,,,,,,,,,,,,72173.0,,,6202.0,-186206.0,,,8516.0,,,300000.0,,-3193811.0,33048.0,,,,,,,,-2278806.0,,,,0.0,,,,,,,,,,,20260.0,,,113405751.0
2018-06-30,2018-08-20,10-Q,ALPHA NETWORK ALLIANCE VENTURES INC.,ANAV,CIK0001491829,USD,14247.0,992807.0,81507.0,,,1550000.0,37189.0,903664.0,0.0,94159.0,87216.0,,,5709.0,,0.0,0.0001,,8000000000.0,113405751.0,113405751.0,,,11341.0,-191624.0,11248.0,,,,,,,,,,0.0,,,,,5379.0,,,,,,,,,,,,,,,,,,,,,,155300.0,,206.0,2557054.0,94159.0,2557054.0,,,,,,,,992807.0,197003.0,-191624.0,206.0,,,,,,-191624.0,,20369.0,,,,,,,,,,,,,,,3750.0,-191624.0,,,6943.0,,,300000.0,,-3377900.0,16627.0,,,,,,,,-2462895.0,,,,,,,,,,,,1382.0,,,11911.0,,113405751.0,113405751.0
2018-09-30,2018-11-19,10-Q,ALPHA NETWORK ALLIANCE VENTURES INC.,ANAV,CIK0001491829,USD,14247.0,1073300.0,109432.0,,,1700000.0,38762.0,903664.0,0.0,117619.0,112249.0,,,2817.0,,0.0,0.0001,,8000000000.0,113405751.0,113405751.0,,,11341.0,-207033.0,35193.0,,,,,,,,,,0.0,,,,,16700.0,,,,,,,,,,,,,,,,,,,,,,158940.0,,442.0,2787547.0,117619.0,2787547.0,,,,,,,,1073300.0,223733.0,-207033.0,442.0,,,,,,-207033.0,,20986.0,,,,,,,,,,,,,,,4391.0,-207033.0,,,5370.0,,,300000.0,,-3584933.0,51893.0,158940.0,,,,,,,-2669928.0,,,,,,,,,,,,410.0,,,28631.0,,113405751.0,113405751.0
2018-12-31,2019-04-15,10-K,ALPHA NETWORK ALLIANCE VENTURES INC.,ANAV,CIK0001491829,USD,39599.0,1003645.0,39550.0,,1850000.0,1850000.0,40335.0,903664.0,0.0,43151.0,43151.0,,,3601.0,1533.0,3421.0,0.0001,,8000000000.0,113405751.0,113405751.0,,,11341.0,-758827.0,105993.0,,,,6292.0,0.0,6292.0,,3797.0,1003645.0,-0.01,,,3797.0,,35545.0,,,,,,0.0,2039.0,,2007.0,,600000.0,,146224.0,600000.0,,,,0.0,,,,614220.0,,1266.0,2893244.0,43151.0,2893244.0,,325.0,146224.0,0.0,-144692.0,-758827.0,-758827.0,1003645.0,794372.0,,1266.0,,,,,,,0.0,35410.0,,,,,,,,,,,,146224.0,,,33712.0,-758827.0,,,0.0,,,300000.0,,-3765098.0,141538.0,614220.0,600000.0,,,,,,-2850093.0,-2850093.0,,,0.0,,,,,,,,2465.0,,,83516.0,,113405751.0,113405751.0
2019-03-31,2019-05-20,10-Q,ALPHA NETWORK ALLIANCE VENTURES INC.,ANAV,CIK0001491829,USD,41099.0,1028066.0,44817.0,,,2000000.0,0.0,903664.0,,46013.0,46013.0,,,6560.0,4492.0,,0.0001,,8000000000.0,113405751.0,113405751.0,,,11341.0,-173059.0,26169.0,,,,1573.0,,,,,,-0.01,,,3797.0,,12978.0,,,,,,,0.0,,-33048.0,,150000.0,,,,,,,0.0,,,,150000.0,,309.0,3069165.0,46013.0,3069165.0,,0.0,72173.0,0.0,-67681.0,-168984.0,,,181962.0,,309.0,,,,,,,0.0,6249.0,,,,,,,,,,72173.0,,24421.0,,,500.0,-173059.0,,,0.0,,,300000.0,,-3938157.0,39147.0,150000.0,150000.0,,,,,,-3023152.0,-3023152.0,,,,,,,,,,,0.0,,,17387.0,,113405751.0,113405751.0
2019-06-30,2019-08-19,10-Q,ALPHA NETWORK ALLIANCE VENTURES INC.,ANAV,CIK0001491829,USD,41099.0,,38927.0,,2150000.0,2150000.0,40335.0,,,42348.0,42348.0,,,48.0,,,0.0001,,8000000000.0,113405751.0,113405751.0,,,11341.0,,34929.0,,,,,,,,,1078518.0,0.0,,,,,17332.0,,,,,,,,,,,,,,,,,,,,,,150000.0,,271.0,3269617.0,42348.0,3269617.0,,,,,,,,,221450.0,-204118.0,,,,,,,-204118.0,0.0,35184.0,,,,,,,,,,,,,,,8140.0,,,,,,,300000.0,,-4142274.0,77379.0,150000.0,,,,,,,-3227269.0,,,,,,,,,,,,429.0,,,24150.0,,113405751.0,
2019-09-30,2019-11-21,10-Q,ALPHA NETWORK ALLIANCE VENTURES INC.,ANAV,CIK0001491829,USD,45099.0,,29574.0,,2300000.0,2300000.0,0.0,,,31596.0,31596.0,,,2817.0,,,0.0001,,8000000000.0,113405751.0,113405751.0,,,11341.0,,18563.0,,,,,,,,,1106399.0,0.0,,,,,9317.0,,,,,,,,,,,,,,,,,,,,,,,,344.0,3451498.0,31596.0,3451498.0,,,,,,,,,201949.0,-192632.0,,,,,,,-192632.0,0.0,17896.0,,,,,,,,,,,,,,,6310.0,,,,0.0,,,300000.0,,-4334907.0,27880.0,155020.0,,,,,,,-3419902.0,,,,,,,,,,,,31.0,,,18998.0,,113405751.0,
2019-12-31,2021-06-25,10-K,ALPHA NETWORK ALLIANCE VENTURES INC.,ANAV,CIK0001491829,USD,51299.0,1111053.0,34805.0,,2450000.0,2450000.0,0.0,903664.0,,34853.0,34853.0,,,48.0,-3553.0,,0.0001,,8000000000.0,113405751.0,113405751.0,,,11341.0,-727406.0,101177.0,,,,0.0,0.0,0.0,,0.0,1111053.0,-0.01,,,3797.0,,50385.0,,,,,0.0,0.0,11700.0,,4745.0,,600000.0,,,,,,0.0,0.0,,,,622029.0,,925.0,3612352.0,34853.0,3612352.0,,0.0,107408.0,0.0,-110961.0,-727406.0,-727406.0,,777791.0,,925.0,,,,,0.0,,0.0,51728.0,,,,,,,,,,,,107408.0,,,20140.0,-727406.0,,,0.0,,,300000.0,,-4492504.0,151562.0,622029.0,600000.0,,,,,,-3577499.0,,,,0.0,,,,,169567.0,,,460.0,,,69980.0,,113405751.0,113405751.0
2020-03-31,2021-06-25,10-Q,ALPHA NETWORK ALLIANCE VENTURES INC.,ANAV,CIK0001491829,USD,55299.0,,27544.0,,2600000.0,2600000.0,0.0,,,32350.0,32350.0,,,4806.0,4758.0,,0.0001,,8000000000.0,113405751.0,113405751.0,,,11341.0,-170948.0,22033.0,,,,0.0,0.0,,,,1125498.0,-0.01,,,,,11005.0,,,,,,0.0,4000.0,,7261.0,150000.0,,,,,,,,0.0,,,,,,0.0,3780797.0,32350.0,3780797.0,,0.0,14445.0,0.0,-9687.0,-170948.0,,,181953.0,,,,,,,,,0.0,10057.0,,,,,,,,,,14445.0,,14445.0,,,4750.0,-170948.0,,,0.0,,,300000.0,,-4663452.0,33038.0,151956.0,150000.0,,,,,,-3748447.0,,,,108531251.0,,,,,169567.0,,,32.0,,,9759.0,,113405751.0,
2020-06-30,2021-06-25,10-Q,ALPHA NETWORK ALLIANCE VENTURES INC.,ANAV,CIK0001491829,USD,59299.0,,43242.0,,2750000.0,2750000.0,0.0,,,48216.0,48216.0,,,1179.0,,,0.0001,,8000000000.0,113405751.0,113405751.0,,,11341.0,,29541.0,,,,,,,,,1145358.0,0.0,,,,,14800.0,,,,,,,,,,,,,,,,,,,,,,,,79.0,3954657.0,48216.0,3954657.0,,,,,,,,,172794.0,-157994.0,,,,,,,-143194.0,0.0,8000.0,,,,,,,,,,,,,,,4000.0,,,,0.0,,,,,-4821446.0,44341.0,151669.0,,,,,,,-3906441.0,,,,,,,,,,,,0.0,,,2878.0,,113405751.0,
2020-09-30,2021-06-25,10-Q,ALPHA NETWORK ALLIANCE VENTURES INC.,ANAV,CIK0001491829,USD,63299.0,,52428.0,,2900000.0,2900000.0,0.0,,,55155.0,55155.0,,,1179.0,,,0.0001,,8000000000.0,113405751.0,113405751.0,,,11341.0,,21549.0,,,,,,,,,1162509.0,0.0,,,,,10876.0,,,,,,,,,,,,,,,,,,,,,,,,0.0,4125808.0,55155.0,4125808.0,,,,,,,,,175087.0,-164211.0,,,,,,,-164211.0,0.0,7763.0,,,,,,,,,,,,,,,4000.0,,,,0.0,,,,,-4985658.0,32425.0,151353.0,,,,,,,-4070653.0,,,,,,,,,,,,283.0,,,6688.0,,113405751.0,
2020-12-31,2021-06-25,10-K,ALPHA NETWORK ALLIANCE VENTURES INC.,ANAV,CIK0001491829,USD,68499.0,1177544.0,71810.0,,3050000.0,3050000.0,0.0,903664.0,,72989.0,72989.0,,,1179.0,1131.0,,0.0001,,8000000000.0,113405751.0,113405751.0,,,11341.0,-645554.0,94491.0,,,,,0.0,0.0,,0.0,1177544.0,-0.01,,,,,47376.0,,,,,0.0,,17200.0,,-37005.0,,600000.0,,,,,,0.0,,,,,604978.0,,,4296043.0,72989.0,4296043.0,,972.0,66490.0,0.0,-65359.0,-645554.0,-645554.0,,692930.0,,79.0,,,,,0.0,,,35340.0,,,,,,,,,,,,66490.0,,,17950.0,-645554.0,,,0.0,,,300000.0,,-5138059.0,141867.0,,,,,,,,-4223054.0,,,,0.0,,,,,169567.0,,,314.0,,,21578.0,,,113405751.0
2021-03-31,2021-06-25,10-Q,ALPHA NETWORK ALLIANCE VENTURES INC.,ANAV,CIK0001491829,USD,73299.0,,74060.0,,3200000.0,3200000.0,0.0,,,78234.0,78234.0,,,4174.0,2995.0,,0.0001,,8000000000.0,113405751.0,113405751.0,,,11341.0,-155885.0,1500.0,,,,0.0,0.0,,,,1183874.0,-0.01,,,,,750.0,,,,,,0.0,4800.0,,-2250.0,150000.0,,,,,,,,0.0,,,,,,,4457173.0,78234.0,4457173.0,,0.0,6330.0,0.0,-3335.0,-155885.0,-155885.0,,156635.0,,,,,,,,,0.0,868.0,,,,,,,,,,,,6330.0,,,4800.0,,,,0.0,,,,,-5293944.0,2250.0,150000.0,,10000000.0,0.4309,,,,-4378939.0,,,,,,,,,,,,0.0,,,886.0,,113405751.0,
2021-06-30,2021-08-19,10-Q,ALPHA NETWORK ALLIANCE VENTURES INC.,ANAV,CIK0001491829,USD,56049.0,,82647.0,,3350000.0,3350000.0,0.0,903664.0,,84400.0,84400.0,,,1753.0,,,0.0001,,8000000000.0,993405751.0,993405751.0,,,99341.0,,19970.0,,,,,,,,,1133406.0,0.0,,,,,10005.0,,,,,,,,,,,,,,,,,,,,,,,,0.0,4539455.0,84400.0,4539455.0,,,,,,,,,178990.0,-168985.0,,,,,,,-158980.0,0.0,7786.0,,,,,,,,,,,,,,,6632.0,,,,0.0,,,232000.0,,-5458060.0,29975.0,150000.0,,,,,,,-4455055.0,,,,,,,,,,,,,,,11681.0,,993405751.0,
2021-09-30,2021-11-19,10-Q,ALPHA NETWORK ALLIANCE VENTURES INC.,ANAV,CIK0001491829,USD,56049.0,,88838.0,,3500000.0,3500000.0,0.0,903664.0,,91463.0,91463.0,,,2625.0,,,0.0001,,8000000000.0,993405751.0,993405751.0,,,99341.0,,10629.0,,,,,,,,,1145266.0,0.0,,,,,5312.0,,,,,,,,,,,,,,,,,,,,,,,,0.0,4769318.0,91463.0,4769318.0,,,,,,,,,160114.0,-154802.0,,,,,,,-154802.0,0.0,987.0,,,,,,,,,,,,,,,3000.0,,,,0.0,,,232000.0,,-5612858.0,15941.0,150000.0,,,,,,,-4609855.0,,,,,,,,,,,,0.0,,680000000.0,5428.0,,993405751.0,
