end,filed,form,Name,Ticker,CIK,Currency,AccountsPayableTradeCurrent,AccountsReceivableNetCurrent,AccrualForTaxesOtherThanIncomeTaxesCurrent,AccruedIncomeTaxesCurrent,AccruedLiabilitiesCurrent,AccruedSalariesCurrent,AccruedSalesCommissionCurrent,AccumulatedDepreciationDepletionAndAmortizationPropertyPlantAndEquipment,AdditionalPaidInCapitalCommonStock,AdjustmentsToAdditionalPaidInCapitalShareBasedCompensationStockOptionsRequisiteServicePeriodRecognition,AdjustmentsToAdditionalPaidInCapitalTaxEffectFromShareBasedCompensation,AllocatedShareBasedCompensationExpense,AllowanceForDoubtfulAccountsReceivableChargeOffs,AllowanceForDoubtfulAccountsReceivableCurrent,AllowanceForDoubtfulAccountsReceivableRecoveries,AllowanceForDoubtfulAccountsReceivableWriteOffs,AntidilutiveSecuritiesExcludedFromComputationOfEarningsPerShareAmount,Assets,AssetsCurrent,BuildingsAndImprovementsGross,CashAndCashEquivalentsAtCarryingValue,CashAndCashEquivalentsFairValueDisclosure,CashAndCashEquivalentsPeriodIncreaseDecrease,CashCashEquivalentsRestrictedCashAndRestrictedCashEquivalents,CashCashEquivalentsRestrictedCashAndRestrictedCashEquivalentsPeriodIncreaseDecreaseExcludingExchangeRateEffect,CashCashEquivalentsRestrictedCashAndRestrictedCashEquivalentsPeriodIncreaseDecreaseIncludingExchangeRateEffect,CertificatesOfDepositAtCarryingValue,CommonStockDividendsPerShareDeclared,CommonStockParOrStatedValuePerShare,CommonStockSharesAuthorized,CommonStockSharesIssued,CommonStockValue,ConstructionInProgressGross,CostOfGoodsAndServicesSold,CostOfGoodsSold,CurrentFederalTaxExpenseBenefit,CurrentStateAndLocalTaxExpenseBenefit,DeferredFederalIncomeTaxExpenseBenefit,DeferredIncomeTaxExpenseBenefit,DeferredIncomeTaxLiabilitiesNet,DeferredStateAndLocalIncomeTaxExpenseBenefit,DeferredTaxAssetsInventory,DeferredTaxAssetsLiabilitiesNetCurrent,DeferredTaxAssetsLiabilitiesNetNoncurrent,DeferredTaxAssetsNetCurrent,DeferredTaxAssetsOther,DeferredTaxAssetsTaxCreditCarryforwardsOther,DeferredTaxAssetsTaxCreditCarryforwardsResearch,DeferredTaxAssetsTaxDeferredExpenseReservesAndAccrualsAllowanceForDoubtfulAccounts,DeferredTaxLiabilities,DeferredTaxLiabilitiesCurrent,DeferredTaxLiabilitiesDeferredExpenseCapitalizedInventoryCosts,DeferredTaxLiabilitiesNoncurrent,DeferredTaxLiabilitiesPropertyPlantAndEquipment,DefinedContributionPlanCostRecognized,DefinedContributionPlanEmployerDiscretionaryContributionAmount,DefinedContributionPlanEmployersMatchingContributionAnnualVestingPercentage,DefinedContributionPlanMaximumAnnualContributionsPerEmployeePercent,DepreciationDepletionAndAmortization,DividendsCommonStockCash,EarningsPerShareBasic,EarningsPerShareDiluted,EffectiveIncomeTaxRateContinuingOperations,EffectiveIncomeTaxRateReconciliationDeductionsQualifiedProductionActivities,EffectOfLIFOInventoryLiquidationOnIncome,EmployeeServiceShareBasedCompensationNonvestedAwardsTotalCompensationCostNotYetRecognizedStockOptions,ExcessTaxBenefitFromShareBasedCompensationFinancingActivities,ExcessTaxBenefitFromShareBasedCompensationOperatingActivities,FurnitureAndFixturesGross,GainsLossesOnExtinguishmentOfDebt,GrossProfit,IncomeLossFromContinuingOperationsBeforeIncomeTaxesExtraordinaryItemsNoncontrollingInterest,IncomeLossFromContinuingOperationsBeforeIncomeTaxesMinorityInterestAndIncomeLossFromEquityMethodInvestments,IncomeTaxExpenseBenefit,IncomeTaxesPaid,IncomeTaxesReceivable,IncomeTaxReconciliationChangeInEnactedTaxRate,IncomeTaxReconciliationDeductionsQualifiedProductionActivities,IncomeTaxReconciliationIncomeTaxExpenseBenefitAtFederalStatutoryIncomeTaxRate,IncomeTaxReconciliationOtherReconcilingItems,IncomeTaxReconciliationStateAndLocalIncomeTaxes,IncreaseDecreaseInAccountsPayableAndAccruedLiabilities,IncreaseDecreaseInAccountsReceivable,IncreaseDecreaseInAccruedIncomeTaxesPayable,IncreaseDecreaseInIncomeTaxesPayableNetOfIncomeTaxesReceivable,IncreaseDecreaseInInventories,IncreaseDecreaseInOtherOperatingCapitalNet,IncrementalCommonSharesAttributableToShareBasedPaymentArrangements,InterestExpense,InterestPaidCapitalized,InventoryAdjustments,InventoryFinishedGoods,InventoryGross,InventoryLIFOReserve,InventoryLIFOReserveEffectOnIncomeNet,InventoryLIFOReservePeriodCharge,InventoryNet,InventoryRawMaterials,InventoryWorkInProcess,InvestmentIncomeNonoperating,LandAndLandImprovements,LettersOfCreditOutstandingAmount,LiabilitiesAndStockholdersEquity,LiabilitiesCurrent,LiabilityForUncertainTaxPositionsNoncurrent,LineOfCredit,LineOfCreditFacilityAmountOutstanding,LineOfCreditFacilityCurrentBorrowingCapacity,LineOfCreditFacilityMaximumBorrowingCapacity,LineOfCreditFacilityRemainingBorrowingCapacity,LongTermDebt,MachineryAndEquipmentGross,NetCashProvidedByUsedInFinancingActivities,NetCashProvidedByUsedInFinancingActivitiesContinuingOperations,NetCashProvidedByUsedInInvestingActivities,NetCashProvidedByUsedInInvestingActivitiesContinuingOperations,NetCashProvidedByUsedInOperatingActivities,NetCashProvidedByUsedInOperatingActivitiesContinuingOperations,NetIncomeLoss,NonoperatingIncomeExpense,NumberOfReportableSegments,NumberOfReportableSegments,OperatingIncomeLoss,OperatingLeaseLiabilityCurrent,OperatingLeaseLiabilityNoncurrent,OperatingLeaseRightOfUseAsset,OtherAccruedLiabilitiesCurrent,OtherAssetsNoncurrent,OtherNoncashIncomeExpense,PaymentsForProceedsFromOtherInvestingActivities,PaymentsForRepurchaseOfCommonStock,PaymentsOfDividends,PaymentsOfFinancingCosts,PaymentsToAcquirePropertyPlantAndEquipment,PreferredStockParOrStatedValuePerShare,PreferredStockSharesAuthorized,PreferredStockSharesIssued,PreferredStockValue,PrepaidExpenseAndOtherAssets,PrepaidExpenseAndOtherAssetsCurrent,ProceedsFromIssuanceOfCommonStock,ProceedsFromLinesOfCredit,ProceedsFromSaleOfProductiveAssets,PropertyPlantAndEquipmentGross,PropertyPlantAndEquipmentNet,ProvisionForDoubtfulAccounts,RelatedPartyTransactionPurchasesFromRelatedParty,RepaymentsOfLinesOfCredit,RepaymentsOfNotesPayable,RetainedEarningsAccumulatedDeficit,RevenueFromContractWithCustomerExcludingAssessedTax,SalesRevenueGoodsNet,SellingGeneralAndAdministrativeExpense,ShareBasedCompensation,ShareBasedCompensationArrangementByShareBasedPaymentAwardFairValueAssumptionsExpectedDividendRate,ShareBasedCompensationArrangementByShareBasedPaymentAwardFairValueAssumptionsExpectedVolatilityRate,ShareBasedCompensationArrangementByShareBasedPaymentAwardFairValueAssumptionsRiskFreeInterestRate,ShareBasedCompensationArrangementByShareBasedPaymentAwardNumberOfSharesAuthorized,ShareBasedCompensationArrangementByShareBasedPaymentAwardNumberOfSharesAvailableForGrant,ShareBasedCompensationArrangementByShareBasedPaymentAwardOptionsExercisesInPeriodTotalIntrinsicValue,ShareBasedCompensationArrangementByShareBasedPaymentAwardOptionsForfeituresAndExpirationsInPeriod,ShareBasedCompensationArrangementByShareBasedPaymentAwardOptionsForfeituresAndExpirationsInPeriodWeightedAverageExercisePrice,ShareBasedCompensationArrangementByShareBasedPaymentAwardOptionsGrantsInPeriodGross,ShareBasedCompensationArrangementByShareBasedPaymentAwardOptionsGrantsInPeriodWeightedAverageGrantDateFairValue,ShareBasedCompensationArrangementByShareBasedPaymentAwardOptionsOutstandingIntrinsicValue,ShareBasedCompensationArrangementByShareBasedPaymentAwardOptionsOutstandingNumber,ShareBasedCompensationArrangementByShareBasedPaymentAwardOptionsOutstandingWeightedAverageExercisePrice,ShareBasedCompensationArrangementByShareBasedPaymentAwardOptionsVestedAndExpectedToVestExercisableAggregateIntrinsicValue,ShareBasedCompensationArrangementByShareBasedPaymentAwardOptionsVestedAndExpectedToVestExercisableNumber,ShareBasedCompensationArrangementByShareBasedPaymentAwardOptionsVestedAndExpectedToVestExercisableWeightedAverageExercisePrice,ShareBasedCompensationArrangementsByShareBasedPaymentAwardOptionsExercisesInPeriodWeightedAverageExercisePrice,ShareBasedCompensationArrangementsByShareBasedPaymentAwardOptionsGrantsInPeriodWeightedAverageExercisePrice,SharebasedCompensationSharesAuthorizedUnderStockOptionPlansExercisePriceRangeOutstandingOptionsWeightedAverageExercisePriceBeginningBalance1,ShippingHandlingAndTransportationCosts,StockholdersEquity,StockIssuedDuringPeriodSharesStockOptionsExercised,StockIssuedDuringPeriodValueStockOptionsExercised,StockRepurchasedDuringPeriodValue,StockRepurchaseProgramNumberOfSharesAuthorizedToBeRepurchased,StockRepurchaseProgramRemainingNumberOfSharesAuthorizedToBeRepurchased,TaxCutsAndJobsActOf2017IncompleteAccountingProvisionalIncomeTaxExpenseBenefit,TreasuryStockAcquiredAverageCostPerShare,TreasuryStockNumberOfSharesHeld,TreasuryStockShares,TreasuryStockSharesAcquired,TreasuryStockValue,TreasuryStockValueAcquiredCostMethod,WeightedAverageNumberOfDilutedSharesOutstanding,WeightedAverageNumberOfSharesOutstandingBasic,DeferredTaxAssetsDeferredIncome,DeferredTaxAssetsTaxDeferredExpenseCompensationAndBenefitsShareBasedCompensationCost,Depreciation,ShareBasedCompensationArrangementByShareBasedPaymentAwardEquityInstrumentsOtherThanOptionsGrantsInPeriod
2008-12-31,2009-03-10,10-K,ENCORE WIRE CORPORATION,WIRE,CIK0000850460,USD,,,,,,,,,,,,,,,,,,,,,217666000.0,,,,,,,,,,,,,,,,,,,,,,,,,,,,,,,,,,,,,,,,,,,,,,,,,,,,,,,,,,,,,,,,,,,,,,,,,,,,,,,,,,,,,,,,,,,,,,,,,,,,,,,,,,,,,,,,,,,,,,,,,,,,,,,,,,,,,,,,,,,,,,,,,,,,,,,,,,389619000.0,,,,,,,,,,,,,,,,,,
2009-12-31,2010-03-05,10-K,ENCORE WIRE CORPORATION,WIRE,CIK0000850460,USD,,,,,,,,,,451000.0,363000.0,,,2278000.0,,,,,,,226769000.0,,9103000.0,,,,,0.08,,,,,,,599498000.0,,,,-6240000.0,,,,,,,,,,,,,,,,,,,,13691000.0,1843000.0,0.16,0.16,,,,,363000.0,363000.0,,,50115000.0,,4800000.0,1164000.0,,,,,,,,4336000.0,7270000.0,,-710000.0,-22970000.0,1695000.0,,3181000.0,,,,,,,,,,,1633000.0,,,,,,,,,,,,,-719000.0,,-18783000.0,,28605000.0,,3636000.0,,,,6348000.0,,,,,,479000.0,,,1840000.0,,22950000.0,,,,,,,758000.0,,4167000.0,,,278000.0,,,,,,649613000.0,43767000.0,451000.0,,,,,,,,,,,,,,,,,,,,,392984000.0,,758000.0,,,,,,,,,,,23298000.0,23011000.0,,,,
2010-06-30,2010-08-04,10-Q,ENCORE WIRE CORPORATION,WIRE,CIK0000850460,USD,,,,,,,,,,,,,,,,,,,,,90503000.0,,,,,,,0.02,,,,,,,209179000.0,,,,,,,,,,,,,,,,,,,,,,,,,,0.35,0.35,,,,,,,,,26915000.0,,12753000.0,4618000.0,,,,,,,,,,,,,,,,,,,,,,,,,,,,,,,,,,,,,,,,,,,,,8135000.0,-94000.0,,,12847000.0,,,,,,,,,,,,,,,,,,,,,,,,,,,,,236094000.0,14068000.0,,,,,,,,,,,,,,,,,,,,,,,,,,,,,,,,,,,23334000.0,23171000.0,,,,
2010-09-30,2010-11-04,10-Q,ENCORE WIRE CORPORATION,WIRE,CIK0000850460,USD,,,,,,,,,,,,,,,,,,,,,90409000.0,,,,,,,0.02,,,,,,,219983000.0,,,,,,,,,,,,,,,,,,,,,,,,,,0.22,0.22,,,,,,,,,22768000.0,,7189000.0,2097000.0,,,,,,,,,,,,,,,,,,,,,,,,,,,,,,,,,,,,,,,,,,,,,5092000.0,-73000.0,,,7262000.0,,,,,,,,,,,,,,,,,,,,,,,,,,,,,242751000.0,15506000.0,,,,,,,,,,,,,,,,,,,,,,,,,,,,,,,,,,,23337000.0,23193000.0,,,,
2010-12-31,2011-03-04,10-K,ENCORE WIRE CORPORATION,WIRE,CIK0000850460,USD,32897000.0,190364000.0,,2065000.0,23191000.0,,,149972000.0,45040000.0,467000.0,55000.0,,-4000.0,2582000.0,,,183000.0,477276000.0,342097000.0,69440000.0,103252000.0,,-123517000.0,,,,,0.08,0.01,40000000.0,26366752.0,264000.0,15564000.0,,827813000.0,11268000.0,662000.0,,-4801000.0,,,,,,4485000.0,,,,,,0.0,,11746000.0,,,,,,13716000.0,1856000.0,0.66,0.66,,0.053,,,55000.0,55000.0,7066000.0,-2589000.0,82409000.0,,22419000.0,7129000.0,7800000.0,0.0,,1198000.0,7847000.0,217000.0,263000.0,27005000.0,57492000.0,,4780000.0,-459000.0,-322000.0,158000.0,522000.0,29000.0,,,,,,,42104000.0,,,194000.0,,,477276000.0,58153000.0,,,,,,,,174916000.0,-104332000.0,,-21629000.0,,2444000.0,,15290000.0,194000.0,,,25336000.0,,,,,194000.0,132000.0,,25000.0,1855000.0,50000.0,21718000.0,0.01,2000000.0,0.0,0.0,1892000.0,,462000.0,,89000.0,284957000.0,134985000.0,304000.0,5300000.0,,102919000.0,383367000.0,,910222000.0,57073000.0,467000.0,0.0042,0.483,0.0176,,,700000.0,,,,8.1,,,,,,,,,24.51,15100000.0,407377000.0,,462000.0,,,,,,,3150277.0,,21294000.0,25000.0,23342000.0,23184000.0,,,,
2011-03-31,2011-05-05,10-Q,ENCORE WIRE CORPORATION,WIRE,CIK0000850460,USD,,,,,,,,,,,,,,,,,,,,,75233000.0,,-28019000.0,,,,,0.02,,,,,,,269596000.0,,,,-2410000.0,,,,,,,,,,,,,,,,,,,,3425000.0,,0.46,0.46,,,,,,,,,33755000.0,,15612000.0,4958000.0,,,,,,,,8917000.0,44487000.0,,5419000.0,5870000.0,1122000.0,,,,,,,,,,,,,,,,,,,,,,,,,,-407000.0,,-2247000.0,,-25365000.0,,10654000.0,6000.0,,,15606000.0,,,,,,-109000.0,,,464000.0,,2258000.0,,,,,,,57000.0,,11000.0,,,,,,,,,303351000.0,18149000.0,,,,,,,,,,,,,,,,,,,,,,,,,,,,,,,,,,,23378000.0,23217000.0,,,,
2011-06-30,2011-08-04,10-Q,ENCORE WIRE CORPORATION,WIRE,CIK0000850460,USD,30070000.0,246750000.0,,0.0,21969000.0,,,155579000.0,45893000.0,,,,,2579000.0,,,80500000.0,491472000.0,357056000.0,75611000.0,46802000.0,,,,,,,0.02,0.01,40000000.0,26442752.0,264000.0,8758000.0,,278837000.0,,,,,,,,,,4753000.0,,,,,,,,12018000.0,,,,,,,,0.41,0.4,0.35,,,,,,7440000.0,,30632000.0,,14549000.0,5088000.0,,975000.0,,,,,,,,,,,,141000.0,,,,,,,,,55155000.0,,,,,,491472000.0,52039000.0,,,,,,,,179993000.0,,,,,,,9461000.0,,,,14549000.0,,,,,222000.0,,,,,,,0.01,2000000.0,0.0,0.0,2621000.0,,,,,289773000.0,134194000.0,,,,,402552000.0,,309469000.0,16083000.0,,,,,,,,,,,,,,,,,,,,,,427415000.0,,,,,,,,0.0,3150277.0,,21294000.0,,23405000.0,23264000.0,,,,
2011-09-30,2011-11-03,10-Q,ENCORE WIRE CORPORATION,WIRE,CIK0000850460,USD,16651000.0,259951000.0,,0.0,25650000.0,,,158546000.0,47138000.0,,,,,2102000.0,,,78500000.0,498429000.0,362652000.0,75611000.0,15172000.0,,,,,,,0.02,0.01,40000000.0,26579053.0,266000.0,10178000.0,,281517000.0,,,,,,,,,,0.0,,,,,,484000.0,,13931000.0,,,,,,,,0.59,0.59,0.357,,,,,,7469000.0,,37839000.0,,21328000.0,7607000.0,,4337000.0,,,,,,,,,,,,107000.0,,,,,,,,,76766000.0,,,,,,498429000.0,42785000.0,,,,,,,,182900000.0,,,,,,,13721000.0,-88000.0,,,21416000.0,,,,,194000.0,,,,,,,0.01,2000000.0,,,6426000.0,,,,,294129000.0,135583000.0,,,,,415805000.0,,319356000.0,16423000.0,,,,,,,,,,,,,,,,,,,,,,441713000.0,,,,,,,,10124.0,3160401.0,,21496000.0,,23399000.0,23292000.0,,,,
2011-12-31,2012-03-02,10-K,ENCORE WIRE CORPORATION,WIRE,CIK0000850460,USD,14676000.0,199366000.0,2809000.0,1174000.0,25312000.0,3548000.0,2053000.0,161550000.0,47342000.0,416000.0,100000.0,,480000.0,2102000.0,,480000.0,80000.0,516146000.0,377054000.0,75952000.0,112298000.0,112300000.0,9046000.0,,,,,0.08,0.01,40000000.0,26586703.0,266000.0,12480000.0,,1039619000.0,15098000.0,986000.0,,9980000.0,,,,-1408000.0,-15833000.0,0.0,,,,,,1408000.0,,15833000.0,,600000.0,0.0,,,13728000.0,1867000.0,2.8499999999999996,2.83,,0.02,,,100000.0,100000.0,7947000.0,,179482000.0,,76195000.0,26064000.0,16900000.0,0.0,,1511000.0,26668000.0,-83000.0,990000.0,-16104000.0,9002000.0,,-791000.0,21387000.0,106000.0,110000.0,322000.0,0.0,,84819000.0,126256000.0,62765000.0,,,63491000.0,18482000.0,22955000.0,239000.0,17971000.0,,516146000.0,42570000.0,,,,,,,0.0,186032000.0,-177000.0,,-16946000.0,,26169000.0,,66426000.0,239000.0,,,76278000.0,,,,682000.0,260000.0,596000.0,,202000.0,1863000.0,,25007000.0,0.01,2000000.0,0.0,,1899000.0,1899000.0,1788000.0,,8061000.0,300382000.0,138832000.0,,6900000.0,,,431631000.0,,1428771000.0,64577000.0,416000.0,,,,,,3100000.0,,,,,,216500.0,22.22,,,,,,31.28,18400000.0,457743000.0,,1788000.0,,,,,,,3160401.0,10124.0,21496000.0,202000.0,23410000.0,23300000.0,,,,
2012-03-31,2012-05-04,10-Q,ENCORE WIRE CORPORATION,WIRE,CIK0000850460,USD,17691000.0,227818000.0,,8583000.0,15616000.0,,,164928000.0,47697000.0,,,,,2101000.0,,,139000.0,522573000.0,377919000.0,75952000.0,83923000.0,,-28375000.0,,,,,0.02,0.01,40000000.0,26589403.0,266000.0,16233000.0,,256005000.0,,,,-6099000.0,,,,,,5218000.0,,,,,,0.0,,16360000.0,,,,,,3609000.0,,0.29,0.29,0.288,,,,5000.0,,7947000.0,,24461000.0,,9404000.0,2710000.0,,,,,,,,-6682000.0,28451000.0,,7414000.0,-6110000.0,1696000.0,50000.0,,,,,,,,,57381000.0,,,,,,522573000.0,41890000.0,,,,,,,,191212000.0,-421000.0,,-9108000.0,,-18846000.0,,6694000.0,20000.0,,,9384000.0,,,,,267000.0,-255000.0,,,469000.0,,9118000.0,0.01,2000000.0,,,3579000.0,,43000.0,,10000.0,309315000.0,144387000.0,,,,,437856000.0,,280466000.0,15077000.0,,,,,,,,,,,,,,,,,,,,,,464323000.0,,,,,,,,,3160401.0,0.0,21496000.0,,23477000.0,23427000.0,,,,
2012-06-30,2012-08-07,10-Q,ENCORE WIRE CORPORATION,WIRE,CIK0000850460,USD,31571000.0,205535000.0,1447000.0,,18559000.0,2172000.0,2152000.0,168271000.0,47861000.0,,,,,2100000.0,,,193000.0,466899000.0,310550000.0,76055000.0,47727000.0,,,,,,,0.02,0.01,40000000.0,26590203.0,266000.0,29897000.0,,245339000.0,,,,,,,,,,2633000.0,,,,,,,,16964000.0,,,,,,,,0.11,0.11,0.418,,,,,,8193000.0,,19391000.0,,4072000.0,1702000.0,,1015000.0,,,,,,,,,,,,40000.0,,,0.0,82012000.0,124859000.0,72354000.0,383000.0,,52505000.0,16551000.0,26296000.0,,,,466899000.0,50130000.0,,,0.0,149660000.0,150000000.0,,,191725000.0,,,,,,,2370000.0,8000.0,,,4064000.0,,,,1139000.0,626000.0,,,,,,,0.01,2000000.0,0.0,,1135000.0,,,,,323994000.0,155723000.0,,,,,439812000.0,,264730000.0,15327000.0,,,,,,,,,,,,,,,,,,,,,,399805000.0,,,,1225750.0,,,,,5934651.0,,88134000.0,,22037000.0,21997000.0,,,,
2012-09-30,2012-11-02,10-Q,ENCORE WIRE CORPORATION,WIRE,CIK0000850460,USD,28165000.0,207544000.0,2151000.0,2302000.0,21297000.0,3019000.0,1730000.0,171623000.0,48089000.0,,,,,2111000.0,,,193000.0,475872000.0,313971000.0,90438000.0,17988000.0,,,,,,,0.02,0.01,40000000.0,26594353.0,266000.0,22562000.0,,245016000.0,,,,,,,,,,5968000.0,,,,,,,,18961000.0,,,,,,,,0.27,0.27,0.343,,,,,,8296000.0,,24136000.0,,8414000.0,2887000.0,,,,,,,,,,,,,,55000.0,,,,99801000.0,141440000.0,74391000.0,-383000.0,,67049000.0,16009000.0,25630000.0,,18343000.0,,475872000.0,51764000.0,,,0.0,143094820.0,150000000.0,,,193087000.0,,,,,,,5527000.0,4000.0,,,8410000.0,,,,864000.0,798000.0,,,,,,,0.01,2000000.0,0.0,,,15422000.0,,,,332726000.0,161103000.0,,,,,444926000.0,,269152000.0,15726000.0,,,,,,,,,,,,,,,,,,,,,,405147000.0,,,,1225750.0,,,,,5934651.0,,88134000.0,,20712000.0,20657000.0,,,,
2012-12-31,2013-02-26,10-K,ENCORE WIRE CORPORATION,WIRE,CIK0000850460,USD,20112000.0,197980000.0,2937000.0,1807000.0,23438000.0,4235000.0,1768000.0,175030000.0,48298000.0,746000.0,12000.0,,38000.0,2064000.0,,38000.0,179000.0,472467000.0,306850000.0,90790000.0,33883000.0,33900000.0,-78415000.0,,,,,0.08,0.01,40000000.0,26597753.0,266000.0,25434000.0,,982021000.0,14609000.0,1041000.0,,-6085000.0,,,,5789000.0,-16945000.0,5790000.0,,127000.0,77000.0,,,,,16946000.0,,700000.0,0.0,,,14280000.0,1708000.0,1.1600000000000001,1.1600000000000001,,0.051,,1200000.0,12000.0,12000.0,8426000.0,,112666000.0,,29376000.0,9565000.0,15000000.0,,,1522000.0,10282000.0,342000.0,463000.0,3617000.0,-1424000.0,,645000.0,165000.0,4110000.0,52000.0,313000.0,0.0,,88750000.0,137072000.0,73416000.0,,,63656000.0,26013000.0,22309000.0,,18466000.0,,472467000.0,45357000.0,0.0,,0.0,145800000.0,150000000.0,,0.0,196838000.0,-68191000.0,,-40284000.0,,30060000.0,,25031000.0,343000.0,,,29346000.0,,,,558000.0,693000.0,91000.0,0.0,66638000.0,1763000.0,,40301000.0,0.01,2000000.0,,,,5541000.0,198000.0,,17000.0,339954000.0,164924000.0,0.0,8100000.0,,,449734000.0,,1330348000.0,60981000.0,746000.0,0.0028,0.449,0.0078,,343500.0,100000.0,2800.0,25.41,142500.0,11.11,1824000.0,345150.0,25.03,1069000.0,161420.0,23.69,17.93,28.74,31.37,20100000.0,410164000.0,,198000.0,66638000.0,,1225750.0,,24.02,,5934651.0,2774250.0,88134000.0,66638000.0,21732000.0,21680000.0,,,,
2013-03-31,2013-05-03,10-Q,ENCORE WIRE CORPORATION,WIRE,CIK0000850460,USD,23834000.0,212790000.0,755000.0,,15973000.0,2243000.0,2275000.0,178308000.0,48493000.0,,,,,2064000.0,,,191000.0,472598000.0,307687000.0,90833000.0,32744000.0,,-1139000.0,,,,,0.02,0.01,40000000.0,26601803.0,266000.0,27413000.0,,241050000.0,,,,-506000.0,,,,,,5800000.0,,,,,,,,16450000.0,,,,,,3352000.0,,0.31,0.31,0.303,,-1384000.0,,11000.0,,8466000.0,,24301000.0,,9171000.0,2776000.0,,350000.0,,,,,,-3743000.0,14810000.0,,-2146000.0,-9288000.0,-3862000.0,69000.0,,,,84861000.0,130198000.0,75830000.0,1384000.0,,54368000.0,16333000.0,29004000.0,,18488000.0,,472598000.0,39807000.0,,,0.0,149400000.0,150000000.0,,,197294000.0,-332000.0,-332000.0,-2588000.0,-2588000.0,1781000.0,1781000.0,6395000.0,17000.0,,,9154000.0,,,,547000.0,725000.0,-89000.0,,,413000.0,,2588000.0,0.01,2000000.0,,,,1635000.0,70000.0,,,342494000.0,164186000.0,,,,,455716000.0,,265351000.0,15147000.0,,,,,,,,,,,,,,,,,,,,,,416341000.0,,,,,1225750.0,,,,5934651.0,0.0,88134000.0,,20733000.0,20664000.0,,,,
2013-06-30,2013-08-02,10-Q,ENCORE WIRE CORPORATION,WIRE,CIK0000850460,USD,25298000.0,236172000.0,1490000.0,2263000.0,20803000.0,3169000.0,2243000.0,181847000.0,48694000.0,,,,,2065000.0,,,191000.0,498075000.0,307911000.0,90949000.0,1234000.0,,,,,,,0.02,0.01,40000000.0,26607603.0,266000.0,9206000.0,,249309000.0,,,,,,,,,,2156000.0,,,,,,,,18081000.0,,,,,,,,0.75,0.75,0.353,,481000.0,,,,8466000.0,,40151000.0,,23956000.0,8454000.0,,,,,,,,,,,,,,69000.0,,,,82441000.0,128334000.0,63831000.0,481000.0,,64503000.0,15174000.0,30719000.0,,44217000.0,,498075000.0,48364000.0,,,0.0,149500000.0,150000000.0,,,218630000.0,,,,,,,15502000.0,18000.0,,,23938000.0,,,,627000.0,543000.0,,,,,,,0.01,2000000.0,,,,3846000.0,,,,371468000.0,189621000.0,,,,,470804000.0,,289460000.0,16213000.0,,,,,,,,,,,,,,,,,,,,,,431630000.0,,,,,1225750.0,,,,5934651.0,,88134000.0,,20738000.0,20669000.0,,,,
2013-09-30,2013-11-01,10-Q,ENCORE WIRE CORPORATION,WIRE,CIK0000850460,USD,30863000.0,236933000.0,2395000.0,3578000.0,25966000.0,4031000.0,2246000.0,185600000.0,49071000.0,,,,,2065000.0,,,0.0,525697000.0,330589000.0,90367000.0,16145000.0,,,,,,,0.02,0.01,40000000.0,26621103.0,266000.0,11543000.0,,272023000.0,,,,,,,,,,2894000.0,,,,,,,,19895000.0,,,,,,,,0.67,0.66,0.336,,900000.0,,,,8525000.0,,37904000.0,,20788000.0,6986000.0,,,,,,,,,,,,,,88000.0,,,,90704000.0,137349000.0,64736000.0,-903000.0,,72613000.0,19869000.0,26776000.0,,47744000.0,,525697000.0,60407000.0,,,0.0,149500000.0,150000000.0,,,220913000.0,,,,,,,13802000.0,10000.0,,,20778000.0,,,,1363000.0,1616000.0,,,,,,,0.01,2000000.0,,,,2004000.0,,,,379092000.0,193492000.0,,,,,484192000.0,,309927000.0,17126000.0,,,,,,,,,,,,,,,,,,,,,,445395000.0,,,,,1225750.0,,,,5934651.0,,88134000.0,,20768000.0,20680000.0,,,,
2013-12-31,2014-02-28,10-K,ENCORE WIRE CORPORATION,WIRE,CIK0000850460,USD,23465000.0,215739000.0,3226000.0,1447000.0,23006000.0,1314000.0,2027000.0,189288000.0,49459000.0,364000.0,175000.0,,,2065000.0,1000.0,-1000.0,191000.0,525826000.0,330066000.0,90930000.0,36778000.0,36800000.0,2895000.0,,,,,0.08,0.01,40000000.0,26631653.0,266000.0,12222000.0,,1023180000.0,17011000.0,1347000.0,,5415000.0,,,,4756000.0,-21327000.0,4756000.0,,150000.0,32000.0,,,0.0,,21327000.0,,900000.0,0.0,,0.5,14788000.0,1654000.0,2.81,2.8,,0.025,,900000.0,175000.0,175000.0,8564000.0,,167788000.0,,70683000.0,23773000.0,18500000.0,0.0,,1797000.0,24739000.0,-232000.0,1063000.0,2921000.0,17760000.0,,-185000.0,7124000.0,-2668000.0,88000.0,265000.0,0.0,0.0,82997000.0,133171000.0,62391000.0,,,70780000.0,28293000.0,21881000.0,,47324000.0,,525826000.0,47918000.0,0.0,,0.0,149500000.0,150000000.0,,0.0,224502000.0,-857000.0,,-43466000.0,,47218000.0,,58122000.0,329000.0,1.0,,70619000.0,,,,541000.0,1506000.0,604000.0,0.0,0.0,1654000.0,,44505000.0,0.01,2000000.0,0.0,0.0,,2013000.0,622000.0,,1039000.0,383542000.0,194254000.0,0.0,12000000.0,,,494990000.0,,1451766000.0,64453000.0,364000.0,,,,,345500.0,800000.0,2000.0,28.74,0.0,,8804000.0,309250.0,25.73,5686000.0,189950.0,24.26,18.37,0.0,31.16,21700000.0,456581000.0,33900.0,622000.0,,,1225750.0,,,,5934651.0,0.0,88134000.0,0.0,20764000.0,20676000.0,,,,
2014-03-31,2014-05-05,10-Q,ENCORE WIRE CORPORATION,WIRE,CIK0000850460,USD,28469000.0,219147000.0,829000.0,,17654000.0,2836000.0,2300000.0,193068000.0,49971000.0,,,,,2065000.0,,,19000.0,534445000.0,336068000.0,93406000.0,36822000.0,,44000.0,,,,,0.02,0.01,40000000.0,26648153.0,266000.0,14372000.0,,245022000.0,,,,3866000.0,,,,,,353000.0,,,,,,,,20790000.0,,,,,,3895000.0,,0.52,0.52,0.352,,,,102000.0,102000.0,8564000.0,,32176000.0,,16741000.0,5887000.0,,2773000.0,,,,,,-349000.0,3408000.0,,-4118000.0,4843000.0,-602000.0,136000.0,63000.0,,,91667000.0,133167000.0,57544000.0,,-4800000.0,75623000.0,20457000.0,21043000.0,,48269000.0,,534445000.0,46123000.0,,,0.0,149500000.0,150000000.0,,,225247000.0,18000.0,18000.0,-6457000.0,-6457000.0,6483000.0,6483000.0,10854000.0,79000.0,,,16725000.0,,,,501000.0,1587000.0,-6000.0,32000.0,,414000.0,,6425000.0,0.01,2000000.0,,,,1350000.0,330000.0,,,389858000.0,196790000.0,,,,,505429000.0,,277198000.0,15451000.0,80000.0,,,,,,,,,,,,,,,,,,,,,467532000.0,,,,,1225750.0,,,,5934651.0,0.0,88134000.0,,20839000.0,20703000.0,,,,
2014-06-30,2014-08-01,10-Q,ENCORE WIRE CORPORATION,WIRE,CIK0000850460,USD,20468000.0,238622000.0,1615000.0,1724000.0,22136000.0,3677000.0,2348000.0,196217000.0,50226000.0,,,,,2065000.0,,,49000.0,542664000.0,340269000.0,96175000.0,19094000.0,,,,,,,0.02,0.01,40000000.0,26652303.0,267000.0,17884000.0,,273576000.0,,,,,,,,,,0.0,,,,,,518000.0,,20290000.0,,,,,,,,0.49,0.49,0.335,,,,,,8620000.0,,33512000.0,,15280000.0,5126000.0,,0.0,,,,,,,,,,,,120000.0,82000.0,,,91071000.0,135807000.0,55625000.0,,-1900000.0,80182000.0,18263000.0,26473000.0,,48269000.0,,542664000.0,44846000.0,,,0.0,149500000.0,150000000.0,,,225923000.0,,,,,,,10154000.0,85000.0,,,15277000.0,,,,529000.0,1741000.0,,,,,,,0.01,2000000.0,0.0,0.0,,2371000.0,,,,396871000.0,200654000.0,,,,,515169000.0,,307088000.0,18235000.0,,,,,,,,,,,,,,,,,,,,,,477528000.0,,,,,1225750.0,,,,5934651.0,,88134000.0,,20835000.0,20715000.0,,,,
2014-09-30,2014-10-31,10-Q,ENCORE WIRE CORPORATION,WIRE,CIK0000850460,USD,24865000.0,230180000.0,2566000.0,4897000.0,26180000.0,4689000.0,2207000.0,199874000.0,50416000.0,,,,,2065000.0,,,49000.0,564353000.0,352488000.0,96405000.0,38844000.0,,,,,,,0.02,0.01,40000000.0,26654703.0,267000.0,29262000.0,,263278000.0,,,,,,,,,,414000.0,,,,,,0.0,,20045000.0,,,,,,,,0.53,0.53,0.335,,,,,,8652000.0,,34073000.0,,16644000.0,5581000.0,,0.0,,,,,,,,,,,,101000.0,77000.0,,,93747000.0,135874000.0,55401000.0,,-200000.0,80473000.0,21129000.0,20998000.0,,48305000.0,,564353000.0,55942000.0,,0.0,,149500000.0,150000000.0,,,227479000.0,,,,,,,11063000.0,90000.0,,,16631000.0,,,,1274000.0,1636000.0,,,,,,,0.01,2000000.0,0.0,0.0,,2577000.0,,,,410103000.0,210229000.0,,,,,525817000.0,,297351000.0,17442000.0,,,,,,,,,,,,,,,,,,,,,,488366000.0,,,,,1225750.0,,,,5934651.0,,88134000.0,,20819000.0,20718000.0,,,,
2014-12-31,2015-02-25,10-K,ENCORE WIRE CORPORATION,WIRE,CIK0000850460,USD,31147000.0,206908000.0,3510000.0,0.0,28191000.0,4800000.0,2064000.0,203502000.0,50598000.0,488000.0,123000.0,,,2065000.0,0.0,0.0,54000.0,572751000.0,345315000.0,96405000.0,54664000.0,,17886000.0,,,,,0.08,0.01,40000000.0,26657003.0,267000.0,48245000.0,,1042002000.0,15742000.0,943000.0,127000.0,2349000.0,,2222000.0,,1306000.0,-20226000.0,1306000.0,,,,,,0.0,,20226000.0,,900000.0,0.0,1.0,0.5,15453000.0,1657000.0,2.0300000000000002,2.02,,0.03,,1200000.0,123000.0,123000.0,8682000.0,,150194000.0,,56157000.0,19034000.0,20000000.0,1951000.0,,1698000.0,19655000.0,386000.0,691000.0,9309000.0,-8831000.0,,-3275000.0,7471000.0,-339000.0,107000.0,300000.0,0.0,0.0,84020000.0,131472000.0,53221000.0,,,78251000.0,28283000.0,19169000.0,,48305000.0,,572751000.0,59338000.0,0.0,0.0,,149500000.0,150000000.0,,0.0,228371000.0,-1005000.0,,-44231000.0,,63122000.0,,42176000.0,56000.0,,1.0,56101000.0,,,,1806000.0,930000.0,116000.0,32000.0,0.0,1657000.0,0.0,44274000.0,0.01,2000000.0,0.0,0.0,,2235000.0,529000.0,,75000.0,430008000.0,226506000.0,0.0,13100000.0,,,530456000.0,,1452321000.0,68876000.0,703000.0,0.0015,0.329,0.0157,,298500.0,700000.0,2000.0,24.93,49000.0,16.03,3175000.0,330900.0,29.95,2433000.0,199179.0,25.27,20.84,51.63,49.9,24900000.0,493187000.0,25350.0,529000.0,,,,,,,5934651.0,0.0,88134000.0,0.0,20821000.0,20714000.0,,,,
2015-03-31,2015-05-04,10-Q,ENCORE WIRE CORPORATION,WIRE,CIK0000850460,USD,29722000.0,195571000.0,856000.0,0.0,17773000.0,3386000.0,2202000.0,206983000.0,50922000.0,,,,,2065000.0,,,140000.0,572508000.0,337047000.0,96593000.0,53269000.0,,-1395000.0,,,,,0.02,0.01,40000000.0,26663803.0,267000.0,51037000.0,,217832000.0,,,,-352000.0,,,,,,0.0,,,,,,1458000.0,,19670000.0,,,,,,3897000.0,,0.52,0.52,0.346,,,,0.0,0.0,8779000.0,,32430000.0,,16499000.0,5710000.0,,1102000.0,,,,,,-13935000.0,-11337000.0,,3409000.0,7103000.0,-1128000.0,57000.0,62000.0,,0.0,86738000.0,129291000.0,43937000.0,,-9300000.0,85354000.0,24559000.0,17994000.0,,48305000.0,,572508000.0,48953000.0,,0.0,,149500000.0,150000000.0,,,237456000.0,-254000.0,,-10488000.0,,9347000.0,,10789000.0,100000.0,,,16399000.0,,,,1436000.0,274000.0,43000.0,0.0,,415000.0,,10488000.0,0.01,2000000.0,0.0,0.0,,1751000.0,161000.0,,,442170000.0,235187000.0,,,,,540830000.0,,250262000.0,16031000.0,220000.0,,,,,,,,,,,,,,,,,,,,,503885000.0,,,,,1225750.0,,,,5934651.0,0.0,88134000.0,,20782000.0,20725000.0,,,,
2015-06-30,2015-07-31,10-Q,ENCORE WIRE CORPORATION,WIRE,CIK0000850460,USD,24915000.0,200306000.0,2249000.0,1729000.0,21779000.0,4422000.0,2290000.0,210839000.0,51406000.0,,,,,2065000.0,,,49000.0,585124000.0,341474000.0,97064000.0,45603000.0,,,,,,,0.02,0.01,40000000.0,26679003.0,267000.0,58174000.0,,220842000.0,,,,,,,,,,0.0,,,,,,2173000.0,,19221000.0,,,,,,,,0.55,0.54,0.335,,,,,,8929000.0,,32905000.0,,17064000.0,5711000.0,,0.0,,,,,,,,,,,,99000.0,62000.0,,0.0,82448000.0,134998000.0,42436000.0,,-1500000.0,92562000.0,31846000.0,20704000.0,,48323000.0,,585124000.0,50596000.0,,0.0,,149500000.0,150000000.0,,,241724000.0,,,,,,,11353000.0,16000.0,,,17048000.0,,,,1601000.0,275000.0,,,,,,,0.01,2000000.0,0.0,0.0,,3003000.0,,,,454214000.0,243375000.0,,,,,551768000.0,,253747000.0,15857000.0,,,,,,,,,,,,,,,,,,,,,,515307000.0,,,,,1225750.0,,,,5934651.0,,88134000.0,,20836000.0,20737000.0,,,,
2015-09-30,2015-10-30,10-Q,ENCORE WIRE CORPORATION,WIRE,CIK0000850460,USD,26051000.0,192005000.0,2800000.0,1121000.0,22922000.0,4464000.0,1826000.0,213262000.0,51672000.0,,,,,2065000.0,,,148000.0,603315000.0,351388000.0,101051000.0,58817000.0,,,,,,,0.02,0.01,40000000.0,26682603.0,267000.0,43444000.0,,224421000.0,,,,,,,,,,0.0,,,,,,6624000.0,,19849000.0,,,,,,,,0.7,0.7,0.349,,,,,,8960000.0,,38335000.0,,22290000.0,7779000.0,,0.0,,,,,,,,,,,,58000.0,63000.0,,0.0,77877000.0,126938000.0,29104000.0,,-13300000.0,97834000.0,25225000.0,23836000.0,,50326000.0,,603315000.0,56718000.0,,0.0,,149500000.0,150000000.0,,,260954000.0,,,,,,,14511000.0,18000.0,,,22272000.0,,,,1111000.0,454000.0,,,,,,,0.01,2000000.0,0.0,0.0,,2732000.0,,,,464735000.0,251473000.0,,,,,565865000.0,,262756000.0,16063000.0,,,,,,,,,,,,,,,,,,,,,,526748000.0,,,,,1132946.0,,,,6027455.0,92804.0,91056000.0,,20774000.0,20716000.0,,,,
2015-12-31,2016-02-26,10-K,ENCORE WIRE CORPORATION,WIRE,CIK0000850460,USD,28743000.0,186065000.0,3444000.0,0.0,25499000.0,5801000.0,1939000.0,215953000.0,53024000.0,658000.0,40000.0,802000.0,,2065000.0,0.0,0.0,96000.0,628116000.0,370155000.0,102432000.0,79152000.0,,24488000.0,,,,,0.08,0.01,40000000.0,26715216.0,267000.0,33942000.0,,880900000.0,7918000.0,546000.0,-171000.0,16315000.0,,16486000.0,,,,0.0,,,,,,8473000.0,,35235000.0,,1500000.0,0.0,1.0,0.5,16063000.0,1657000.0,2.83,2.8200000000000003,,0.012,,1000000.0,40000.0,40000.0,9012000.0,,169774000.0,,72384000.0,24779000.0,14000000.0,7344000.0,0.0,859000.0,25334000.0,60000.0,244000.0,-5715000.0,-20843000.0,-5353000.0,-5353000.0,17003000.0,2415000.0,74000.0,300000.0,0.0,0.0,70348000.0,116748000.0,21494000.0,,,95254000.0,26245000.0,20155000.0,,50580000.0,,628116000.0,54242000.0,0.0,0.0,,149500000.0,150000000.0,,0.0,274755000.0,-2811000.0,,-43469000.0,,70768000.0,,58557000.0,155000.0,,1.0,72229000.0,,,,1122000.0,3193000.0,190000.0,0.0,2922000.0,1657000.0,0.0,43711000.0,0.01,2000000.0,0.0,0.0,,2340000.0,1728000.0,,242000.0,470721000.0,254768000.0,0.0,13400000.0,,,576404000.0,,1268479000.0,64493000.0,658000.0,0.0025,0.319,0.0122,,250300.0,700000.0,800.0,28.74,49000.0,9.25,2926000.0,320887.0,30.25,2240000.0,182586.0,25.71,29.38,31.62,43.43,22700000.0,538639000.0,58213.0,1728000.0,,,1132946.0,,,,6027455.0,0.0,91056000.0,2922000.0,20787000.0,20713000.0,,,,
2016-03-31,2016-05-04,10-Q,ENCORE WIRE CORPORATION,WIRE,CIK0000850460,USD,21579000.0,175215000.0,869000.0,,16704000.0,3216000.0,2106000.0,220686000.0,53494000.0,,,,,2065000.0,,,187000.0,619844000.0,356401000.0,121080000.0,78561000.0,,-591000.0,,,,,0.02,0.01,40000000.0,26721216.0,267000.0,23332000.0,,195401000.0,,,,-968000.0,,,,,,,,,,,,7920000.0,,26347000.0,,,,,,4846000.0,,0.42,0.41,0.33,,,,24000.0,24000.0,9114000.0,,30143000.0,,12837000.0,4238000.0,,2361000.0,,,,,,-17606000.0,-10850000.0,,5007000.0,3218000.0,-537000.0,59000.0,,,0.0,71029000.0,122148000.0,23676000.0,,2200000.0,98472000.0,22336000.0,28783000.0,,50635000.0,,619844000.0,46203000.0,,0.0,,149300000.0,150000000.0,,,276776000.0,-276000.0,,-8654000.0,,8339000.0,,8599000.0,3000.0,,,12834000.0,,,,1450000.0,3192000.0,16000.0,,,414000.0,0.0,8658000.0,0.01,2000000.0,0.0,0.0,,1792000.0,114000.0,,4000.0,480937000.0,260251000.0,,,,,584589000.0,,225544000.0,17309000.0,332000.0,,,,,,,,,,,,,,,,,,,,,547294000.0,,,,,1132946.0,,,,6027455.0,0.0,91056000.0,,20747000.0,20688000.0,,,,
2016-06-30,2016-08-03,10-Q,ENCORE WIRE CORPORATION,WIRE,CIK0000850460,USD,25090000.0,178765000.0,1739000.0,,20217000.0,4241000.0,1949000.0,224471000.0,53725000.0,,,,,2065000.0,,,129000.0,636097000.0,361281000.0,121253000.0,81135000.0,,,,,,,0.02,0.01,40000000.0,26723616.0,267000.0,30198000.0,,210200000.0,,,,,,,,,,,,,,,,9072000.0,,26768000.0,,,,,,,,0.38,0.38,0.343,,,,,,9207000.0,,28631000.0,,11926000.0,4087000.0,,3008000.0,,,,,,,,,,,,71000.0,,,0.0,69065000.0,116148000.0,20563000.0,,-3100000.0,95585000.0,22191000.0,24892000.0,,50635000.0,,636097000.0,54379000.0,,0.0,,149000000.0,150000000.0,,,281802000.0,,,,,,,7839000.0,21000.0,,,11905000.0,,,,1328000.0,6192000.0,,,,,,,0.01,2000000.0,0.0,0.0,,2788000.0,,,,493095000.0,268624000.0,,,,,592014000.0,,238831000.0,16726000.0,,,,,,,,,,,,,,,,,,,,,,554950000.0,,,,,1132946.0,,,,6027455.0,,91056000.0,,20765000.0,20694000.0,,,,
2016-09-30,2016-11-02,10-Q,ENCORE WIRE CORPORATION,WIRE,CIK0000850460,USD,22204000.0,183531000.0,2611000.0,,23687000.0,5390000.0,1887000.0,222403000.0,54837000.0,,,,,2065000.0,,,129000.0,644479000.0,366381000.0,121385000.0,79927000.0,,,,,,,0.02,0.01,40000000.0,26750703.0,268000.0,31319000.0,,209350000.0,,,,,,,,,,,,,,,,6357000.0,,30583000.0,,,,,,,,0.29,0.29,0.341,,,,,,9188000.0,,27818000.0,,9106000.0,3107000.0,,2146000.0,,,,,,,,,,,,71000.0,,,0.0,75683000.0,117611000.0,23196000.0,,2600000.0,94415000.0,21310000.0,20618000.0,,50635000.0,1000000.0,644479000.0,52248000.0,,0.0,,149000000.0,150000000.0,,,287781000.0,,,,,,,5999000.0,9000.0,,,9097000.0,,,,1274000.0,193000.0,,,,,,,0.01,2000000.0,0.0,0.0,,6362000.0,,,,500308000.0,277905000.0,,,,,597599000.0,,237168000.0,18721000.0,,,,,,,,,,,,,,,,,,,,,,561648000.0,,,,,1132946.0,,,,6027455.0,,91056000.0,,20775000.0,20704000.0,,,,
2016-12-31,2017-02-24,10-K,ENCORE WIRE CORPORATION,WIRE,CIK0000850460,USD,18577000.0,184876000.0,3932000.0,4319000.0,27986000.0,6198000.0,2157000.0,225499000.0,55311000.0,791000.0,60000.0,1596000.0,,2036000.0,0.0,29000.0,143000.0,657964000.0,376382000.0,121432000.0,95753000.0,,16601000.0,95753000.0,,,0.0,0.08,0.01,40000000.0,26762703.0,268000.0,35825000.0,820673000.0,820673000.0,17139000.0,1098000.0,-357000.0,-1262000.0,33973000.0,-905000.0,932000.0,,,,1009000.0,,,738000.0,33973000.0,,5807000.0,33973000.0,30845000.0,1900000.0,0.0,1.0,0.5,16811000.0,1657000.0,2.1799999999999997,2.1799999999999997,,0.034,,1000000.0,60000.0,60000.0,9204000.0,,153642000.0,,50814000.0,16975000.0,6700000.0,0.0,0.0,1712000.0,17769000.0,436000.0,482000.0,-7778000.0,-1210000.0,11723000.0,11723000.0,-1980000.0,-12000.0,69000.0,200000.0,0.0,0.0,81764000.0,125797000.0,32523000.0,,,93274000.0,23144000.0,20889000.0,,50934000.0,1000000.0,657964000.0,50882000.0,0.0,0.0,,,150000000.0,149000000.0,0.0,289493000.0,-377000.0,,-41582000.0,,58560000.0,,45241000.0,48000.0,,1.0,50766000.0,,,,4266000.0,193000.0,-1294000.0,0.0,0.0,1656000.0,197000.0,45374000.0,0.01,2000000.0,0.0,0.0,,2479000.0,1416000.0,,3792000.0,506888000.0,281389000.0,,10300000.0,,,608586000.0,940790000.0,1180037000.0,69351000.0,791000.0,0.0023,0.3292,0.0146,,172300.0,500000.0,2000.0,21.12,80000.0,10.64,4647000.0,351400.0,31.28,3164000.0,179599.0,26.64,29.34,34.79,40.39,24100000.0,573109000.0,47487.0,1437000.0,,,1132946.0,,,,6027455.0,0.0,91056000.0,,20773000.0,20704000.0,,,,
2017-03-31,2017-05-04,10-Q,ENCORE WIRE CORPORATION,WIRE,CIK0000850460,USD,35642000.0,211669000.0,1003000.0,2735000.0,20560000.0,3695000.0,2575000.0,228698000.0,55982000.0,,,,,2027000.0,,,114000.0,679128000.0,395810000.0,121639000.0,86482000.0,,-9271000.0,,,,,0.02,0.01,40000000.0,26775986.0,268000.0,40394000.0,,240187000.0,,,,-779000.0,,,,,,,,,,,,,,33194000.0,,,,,,3798000.0,,0.66,0.65,0.335,,,,0.0,0.0,9204000.0,,39205000.0,,20484000.0,6852000.0,,,,,,,,9248000.0,26728000.0,,-1584000.0,2364000.0,-446000.0,96000.0,,,0.0,90170000.0,132597000.0,36959000.0,,4400000.0,95638000.0,19025000.0,23402000.0,,50548000.0,1000000.0,679128000.0,58937000.0,,0.0,,149000000.0,150000000.0,,,290038000.0,-194000.0,,-4631000.0,,-4446000.0,,13632000.0,16000.0,,,20468000.0,,,,2348000.0,193000.0,499000.0,,,415000.0,1000.0,5554000.0,0.01,2000000.0,0.0,0.0,,2021000.0,222000.0,,923000.0,511823000.0,283125000.0,,,,,621803000.0,279392000.0,279392000.0,18737000.0,384000.0,,,,,,,,,,,,,,,,,,,,,586997000.0,,,,,1132946.0,,,,6027455.0,0.0,91056000.0,,20834000.0,20738000.0,,,,
2017-06-30,2017-08-02,10-Q,ENCORE WIRE CORPORATION,WIRE,CIK0000850460,USD,37587000.0,220553000.0,2005000.0,0.0,24979000.0,4715000.0,,232033000.0,56412000.0,,,,,2027000.0,,,129000.0,695298000.0,409164000.0,122379000.0,85858000.0,,,,,,,0.02,0.01,40000000.0,26784486.0,268000.0,36750000.0,255662000.0,255662000.0,,,,,,,,,,,,,,,,,,34787000.0,,,,,,,,0.53,0.52,0.34,,,,,,9350000.0,,35872000.0,,16573000.0,5640000.0,,4125000.0,,,,,,,,,,,,84000.0,,,,85179000.0,131981000.0,36523000.0,,-400000.0,95458000.0,24796000.0,22006000.0,,50548000.0,1300000.0,695298000.0,62566000.0,,0.0,,148700000.0,150000000.0,,,298947000.0,,,,,,,10933000.0,20000.0,,,16553000.0,,,,4785000.0,193000.0,,,,,,,0.01,2000000.0,0.0,0.0,,3170000.0,,,,517974000.0,285941000.0,,,,,632321000.0,291534000.0,291534000.0,19319000.0,,,,,,,,,,,,,,,,,,,,,,597945000.0,,,,,1132946.0,,,,6027455.0,,91056000.0,,20835000.0,20751000.0,,,,
2017-09-30,2017-11-02,10-Q,ENCORE WIRE CORPORATION,WIRE,CIK0000850460,USD,32158000.0,222951000.0,3035000.0,276000.0,29525000.0,6197000.0,,235822000.0,57563000.0,,,,,2027000.0,,,129000.0,708365000.0,422643000.0,141339000.0,101367000.0,,,,,,,0.02,0.01,40000000.0,26840203.0,268000.0,16122000.0,252943000.0,252943000.0,,,,,33763000.0,,,,,,,,,,,,,,,,,,,,,0.67,0.67,0.305,,,,,,9522000.0,,39087000.0,,20093000.0,6129000.0,,,,,,,,,,,,,,79000.0,,,,85920000.0,142922000.0,47503000.0,,11000000.0,95419000.0,35210000.0,21792000.0,,51024000.0,1300000.0,708365000.0,61959000.0,,0.0,,148700000.0,150000000.0,,,303344000.0,,,,,,,13964000.0,148000.0,,,19945000.0,,,,4820000.0,193000.0,,,,,,,0.01,2000000.0,0.0,0.0,,2906000.0,,,,521351000.0,285529000.0,,,,,645868000.0,292030000.0,292030000.0,19142000.0,,,,,,,,,,,,,,,,,,,,,,612643000.0,,,,,1132946.0,,,,6027455.0,,91056000.0,,20837000.0,20758000.0,,,,
2017-12-31,2018-02-26,10-K,ENCORE WIRE CORPORATION,WIRE,CIK0000850460,USD,36330000.0,228885000.0,3802000.0,296000.0,35005000.0,8318000.0,,238463000.0,58192000.0,955000.0,,2498000.0,,2028000.0,3000.0,11000.0,125000.0,733975000.0,446984000.0,150603000.0,123362000.0,,27609000.0,123362000.0,,27609000.0,30200000.0,0.08,0.01,40000000.0,26859203.0,269000.0,13782000.0,1008073000.0,1008073000.0,24421000.0,1411000.0,316000.0,-12974000.0,20999000.0,-13289000.0,610000.0,,,,541000.0,,,457000.0,20999000.0,,486000.0,,22121000.0,1900000.0,,,,15684000.0,1663000.0,4.6,4.57,,0.031,,1200000.0,0.0,0.0,9602000.0,,198186000.0,,79876000.0,12859000.0,30000000.0,0.0,-13463000.0,2464000.0,27956000.0,-336000.0,1166000.0,25004000.0,44030000.0,-4023000.0,-4023000.0,-909000.0,-58000.0,80000.0,200000.0,0.0,,88497000.0,144178000.0,51813000.0,,,92365000.0,32928000.0,22753000.0,,51024000.0,1300000.0,733975000.0,71631000.0,0.0,0.0,,,150000000.0,148700000.0,0.0,300250000.0,286000.0,,-20690000.0,,48013000.0,,95505000.0,427000.0,,1.0,79449000.0,,,,5499000.0,193000.0,587000.0,,0.0,1661000.0,1000.0,21754000.0,0.01,2000000.0,0.0,0.0,,2372000.0,1948000.0,0.0,1064000.0,525261000.0,286798000.0,,,0.0,,673940000.0,1465540000.0,1465540000.0,76726000.0,955000.0,0.0019,0.308,0.0184,,592300.0,2200000.0,,,80000.0,12.46,4258000.0,339900.0,36.55,2334000.0,146899.0,33.36,21.06,41.95,45.74,26200000.0,641345000.0,91500.0,1927000.0,,,1132946.0,13500000.0,,,6027455.0,0.0,91056000.0,,20847000.0,20767000.0,,,,
2018-03-31,2018-05-03,10-Q,ENCORE WIRE CORPORATION,WIRE,CIK0000850460,USD,41097000.0,248466000.0,980000.0,4205000.0,23621000.0,4300000.0,,242439000.0,59147000.0,649000.0,,,,2028000.0,,,146000.0,742847000.0,452542000.0,150603000.0,107827000.0,,-15535000.0,107827000.0,-15535000.0,,,0.02,0.01,40000000.0,26871603.0,269000.0,19522000.0,253937000.0,253937000.0,,,,-311000.0,20688000.0,,,,,,,,,,,,,,,,,,,4109000.0,417000.0,0.54,0.54,0.241,,,,,,9608000.0,,37494000.0,,14950000.0,3597000.0,,,,,,,,-6558000.0,19581000.0,,3909000.0,2133000.0,-609000.0,76000.0,,,,103380000.0,148318000.0,53820000.0,,2000000.0,94498000.0,25257000.0,19681000.0,,51075000.0,1300000.0,742847000.0,68923000.0,,0.0,,148700000.0,150000000.0,,,301743000.0,-111000.0,,-7463000.0,,-7961000.0,,11353000.0,343000.0,,,14607000.0,,,,6157000.0,193000.0,7000.0,,,417000.0,0.0,7463000.0,0.01,2000000.0,0.0,0.0,,1751000.0,306000.0,,0.0,532551000.0,290112000.0,,,,,684876000.0,291431000.0,291431000.0,22887000.0,649000.0,,,,,,,,,,,,,,,,,,,,,653236000.0,,306000.0,,,1132946.0,,,,6027455.0,0.0,91056000.0,,20911000.0,20835000.0,,,,
2018-06-30,2018-08-02,10-Q,ENCORE WIRE CORPORATION,WIRE,CIK0000850460,USD,34684000.0,258414000.0,1960000.0,0.0,26941000.0,5276000.0,,246474000.0,59568000.0,421000.0,,,,2029000.0,,,166500.0,754714000.0,461185000.0,151092000.0,102020000.0,,,102020000.0,,,,0.02,0.01,40000000.0,26876603.0,269000.0,24047000.0,292296000.0,,,,,,21760000.0,,,,,,,,,,,,,,,,,,,,417000.0,0.87,0.86,0.227,,,,,,9687000.0,,44497000.0,,23392000.0,5303000.0,,1726000.0,,,,,,,,,,,,71000.0,,,,102266000.0,152344000.0,55478000.0,,1700000.0,96866000.0,29809000.0,20269000.0,,51075000.0,1300000.0,754714000.0,61625000.0,,0.0,,148700000.0,150000000.0,,,303937000.0,,,,,,,18089000.0,393000.0,,,22999000.0,,,,4392000.0,165000.0,,,,,,,0.01,2000000.0,0.0,0.0,,2159000.0,,,,539838000.0,293364000.0,,,,,702548000.0,336793000.0,,21498000.0,,,,,,,,,,,,,,,,,,,,,,671329000.0,,,,,1132946.0,,,,6027455.0,,91056000.0,,20918000.0,20847000.0,,,,
2018-09-30,2018-11-02,10-Q,ENCORE WIRE CORPORATION,WIRE,CIK0000850460,USD,46674000.0,270591000.0,3025000.0,938000.0,34015000.0,6811000.0,,248967000.0,59880000.0,187000.0,,,,2029000.0,,,166500.0,799043000.0,503336000.0,151092000.0,134497000.0,,,134497000.0,,,,0.02,0.01,40000000.0,26882603.0,269000.0,28370000.0,286227000.0,,,,,,22515000.0,,,,,,,,,,,,,,,,,,,,418000.0,1.14,1.13,0.233,,,,,,9687000.0,,54505000.0,,30887000.0,7209000.0,,,,,,,,,,,,,,66000.0,,,,76342000.0,142419000.0,46413000.0,,9100000.0,96006000.0,37470000.0,28607000.0,,51169000.0,1300000.0,799043000.0,81627000.0,,0.0,,148700000.0,150000000.0,,,304191000.0,,,,,,,23678000.0,596000.0,,,30291000.0,,,,6466000.0,165000.0,,,,,,,0.01,2000000.0,0.0,0.0,,2242000.0,,,,544509000.0,295542000.0,,,,,725808000.0,340732000.0,,24214000.0,,,,,,,,,,,,,,,,,,,,,,694901000.0,,125000.0,,,1132946.0,,,,6027455.0,,91056000.0,,20919000.0,20853000.0,,,,
2018-12-31,2019-02-25,10-K,ENCORE WIRE CORPORATION,WIRE,CIK0000850460,USD,36706000.0,235353000.0,3962000.0,0.0,36866000.0,8790000.0,,252754000.0,60822000.0,1444000.0,,2338000.0,,2030000.0,2000.0,0.0,181000.0,818060000.0,519237000.0,151758000.0,178405000.0,,55043000.0,178405000.0,,55043000.0,100700000.0,0.08,0.01,40000000.0,26906603.0,269000.0,24623000.0,1098961000.0,,18523000.0,1978000.0,430000.0,3033000.0,24032000.0,2603000.0,470000.0,,,,1250000.0,,,457000.0,24032000.0,,2650000.0,,23559000.0,2100000.0,,,,16513000.0,1669000.0,4.95,4.94,,,,1900000.0,0.0,0.0,9687000.0,,242948000.0,,101684000.0,23534000.0,22300000.0,1389000.0,0.0,0.0,21354000.0,277000.0,1903000.0,165000.0,6468000.0,,-1685000.0,10002000.0,-627000.0,65000.0,300000.0,0.0,0.0,88708000.0,147692000.0,45325000.0,,,102367000.0,28455000.0,30529000.0,,51169000.0,1300000.0,818060000.0,73572000.0,0.0,0.0,,148700000.0,150000000.0,,0.0,314175000.0,-482000.0,,-26065000.0,,81590000.0,,103180000.0,2174000.0,,1.0,99510000.0,,,,5549000.0,165000.0,187000.0,,0.0,1668000.0,0.0,26181000.0,0.01,2000000.0,0.0,0.0,,1723000.0,1186000.0,67300000.0,116000.0,551412000.0,298658000.0,0.0,,67300000.0,,750421000.0,1608410000.0,,90212000.0,1444000.0,0.0016,0.314,0.0236,,474800.0,900000.0,,,117500.0,15.95,3762000.0,415000.0,41.53,2133000.0,156100.0,36.88,28.0,51.05,50.2,,720456000.0,42400.0,1186000.0,,,1132946.0,,,,6027455.0,0.0,91056000.0,,20910000.0,20845000.0,,,,
2019-03-31,2019-05-02,10-Q,ENCORE WIRE CORPORATION,WIRE,CIK0000850460,USD,30673000.0,231470000.0,998000.0,2558000.0,24512000.0,4953000.0,,256791000.0,62013000.0,760000.0,,,,2031000.0,,,117500.0,816963000.0,512055000.0,152258000.0,177974000.0,,,177974000.0,-431000.0,,,0.02,0.01,40000000.0,26921603.0,269000.0,27409000.0,273381000.0,,,,,48000.0,24580000.0,,,,,,,,,,,,,,,,,,,4344000.0,418000.0,0.64,0.64,0.23,,,,,,9920000.0,,41326000.0,,17406000.0,3995000.0,,0.0,,,,,,-16437000.0,-3883000.0,,3947000.0,-775000.0,-724000.0,,,,0.0,99825000.0,150699000.0,49107000.0,,3800000.0,101592000.0,22937000.0,27937000.0,,51169000.0,1300000.0,816963000.0,57743000.0,,0.0,,148700000.0,150000000.0,,,320153000.0,13000.0,,-11850000.0,,11406000.0,,13411000.0,1079000.0,,,16327000.0,,,,6596000.0,790000.0,49000.0,,0.0,418000.0,,11872000.0,0.01,2000000.0,0.0,0.0,,1019000.0,431000.0,,22000.0,560909000.0,304118000.0,,,,,763414000.0,314707000.0,,24999000.0,760000.0,,,,,,,,,,,,,,,,,,,,,734640000.0,,431000.0,,,1132946.0,,,,6027455.0,0.0,91056000.0,,20983000.0,20884000.0,,,,
2019-06-30,2019-08-01,10-Q,ENCORE WIRE CORPORATION,WIRE,CIK0000850460,USD,46053000.0,255968000.0,1995000.0,0.0,30145000.0,6214000.0,,260009000.0,62652000.0,502000.0,,,,2031000.0,,,117500.0,854181000.0,541954000.0,152322000.0,184800000.0,,,184800000.0,,,,0.02,0.01,40000000.0,26933103.0,269000.0,31126000.0,290956000.0,,,,,,25340000.0,,,,,,,,,,,,,,,,,,,,418000.0,0.85,0.85,0.232,,,,,,10123000.0,,45910000.0,,23146000.0,5364000.0,,3262000.0,,,,,,,,,,,,,,,0.0,88657000.0,141875000.0,45836000.0,,-3300000.0,96039000.0,27607000.0,25611000.0,,51317000.0,1500000.0,854181000.0,76198000.0,,0.0,,148500000.0,150000000.0,,,326542000.0,,,,,,,17782000.0,1082000.0,,,22064000.0,,,,7087000.0,806000.0,,,,,,,0.01,2000000.0,0.0,0.0,,1885000.0,,,,571430000.0,311421000.0,,,,,780778000.0,336866000.0,,23846000.0,,,,,,,,,,,,,,,,,,,,,,752643000.0,,137000.0,,,1132946.0,,,,6027455.0,,91056000.0,,20988000.0,20898000.0,,,,
2019-09-30,2019-10-30,10-Q,ENCORE WIRE CORPORATION,WIRE,CIK0000850460,USD,39907000.0,244869000.0,3168000.0,,33197000.0,7717000.0,,262938000.0,62705000.0,53000.0,,,,2031000.0,,,121413.0,870247000.0,544710000.0,152322000.0,203936000.0,,,203936000.0,,,,0.02,0.01,40000000.0,26989403.0,269000.0,45280000.0,278181000.0,,,,,,28464000.0,,,,,,,,,,,,,,,,,,,,418000.0,0.78,0.78,0.232,,,,,,10855000.0,,42988000.0,,21349000.0,4948000.0,,3111000.0,,,,,,,,,,,,,,,,77086000.0,131703000.0,41459000.0,,-4400000.0,90244000.0,21460000.0,33157000.0,,52354000.0,1500000.0,870247000.0,73104000.0,,0.0,,148500000.0,,,,326893000.0,,,,,,,16401000.0,1033000.0,,,20316000.0,,,,5826000.0,771000.0,,,,,,,0.01,2000000.0,0.0,0.0,,2550000.0,,,,587704000.0,324766000.0,,,,,796761000.0,321169000.0,,22672000.0,,,,,,,,,,,,,,,,,,,,,,768679000.0,,,,,1132946.0,,,,6027455.0,,91056000.0,,20991000.0,20912000.0,,,,
2019-12-31,2020-02-21,10-K,ENCORE WIRE CORPORATION,WIRE,CIK0000850460,USD,40509000.0,223098000.0,4011000.0,0.0,34787000.0,7924000.0,,266688000.0,63009000.0,1619000.0,,4717000.0,,1801000.0,1000.0,230000.0,118000.0,883154000.0,549238000.0,152536000.0,230965000.0,,,230965000.0,,52560000.0,161300000.0,0.08,0.01,40000000.0,26939403.0,269000.0,49847000.0,1109023000.0,,12675000.0,1549000.0,115000.0,3376000.0,28762000.0,3260000.0,265000.0,,,,1438000.0,,,406000.0,27408000.0,,1970000.0,,27547000.0,2500000.0,,,,17707000.0,1676000.0,3.28,3.27,,,,1300000.0,0.0,,10926000.0,,201718000.0,75728000.0,75728000.0,17599000.0,16400000.0,3602000.0,0.0,0.0,15903000.0,382000.0,1314000.0,2040000.0,-12255000.0,,-2213000.0,-12683000.0,229000.0,86000.0,200000.0,0.0,,83222000.0,134485000.0,44801000.0,,,89684000.0,25882000.0,25381000.0,,52354000.0,1500000.0,883154000.0,75296000.0,0.0,0.0,,148500000.0,150000000.0,,0.0,334204000.0,-1105000.0,,-52456000.0,,106121000.0,,68664000.0,4199000.0,,1.0,71529000.0,,,,3143000.0,737000.0,-754000.0,,0.0,1673000.0,0.0,52484000.0,0.01,2000000.0,0.0,0.0,,1889000.0,568000.0,0.0,28000.0,599867000.0,333179000.0,0.0,,0.0,,806874000.0,1577246000.0,,94442000.0,1619000.0,,,,,399800.0,700000.0,,,0.0,,5918000.0,393500.0,42.36,3604000.0,209700.0,40.21,26.39,,51.05,,779096000.0,21500.0,568000.0,,,1132946.0,,,,6027455.0,0.0,91056000.0,,20990000.0,20904000.0,,,17700000.0,0.0
2020-03-31,2020-04-30,10-Q,ENCORE WIRE CORPORATION,WIRE,CIK0000850460,USD,34062000.0,224123000.0,1019000.0,,23646000.0,5588000.0,,270223000.0,63469000.0,460000.0,,,,2501000.0,,,240786.0,866346000.0,525978000.0,152723000.0,206838000.0,,,206838000.0,-24127000.0,,,0.02,0.01,40000000.0,26946916.0,269000.0,42824000.0,257021000.0,,,,,2719000.0,31466000.0,,,,,,,,,,,,,,,,,,,4571000.0,411000.0,0.89,0.89,0.236,,,,,,11796000.0,,45773000.0,,24367000.0,5760000.0,,446000.0,,,,,,-16302000.0,1725000.0,,3156000.0,884000.0,2127000.0,,,,,82908000.0,125742000.0,35174000.0,,-9600000.0,90568000.0,21428000.0,21406000.0,,60648000.0,1500000.0,866346000.0,57708000.0,,0.0,,148500000.0,,,,341896000.0,-20998000.0,,-12134000.0,,9005000.0,,18607000.0,884000.0,,,23483000.0,,,,3239000.0,704000.0,-530000.0,,20580000.0,418000.0,0.0,12224000.0,0.01,2000000.0,0.0,0.0,,4003000.0,0.0,,90000.0,609887000.0,339664000.0,,,,,825070000.0,302794000.0,,22290000.0,460000.0,,,,,,,,,,,,,,,,,,,,,777172000.0,,0.0,,,693834000.0,,,,6466567.0,439112.0,111636000.0,20580000.0,20851000.0,20792000.0,,,,
2020-06-30,2020-07-30,10-Q,ENCORE WIRE CORPORATION,WIRE,CIK0000850460,USD,30039000.0,192067000.0,2039000.0,2499000.0,27338000.0,6446000.0,,274804000.0,66554000.0,631000.0,,,,2501000.0,,,238433.0,884045000.0,533882000.0,152896000.0,250383000.0,,,250383000.0,,,,0.02,0.01,40000000.0,27005388.0,270000.0,45226000.0,217132000.0,,,,,,32058000.0,,,,,,,,,,,,,,,,,,,,412000.0,0.6,0.6,0.229,,,,,,12249000.0,,36499000.0,,16011000.0,3664000.0,,0.0,,,,,,,,,,,,,,,,79169000.0,123799000.0,35919000.0,,700000.0,87880000.0,22084000.0,22546000.0,,60662000.0,1600000.0,884045000.0,59876000.0,,0.0,,148400000.0,,,,353300000.0,,,,,,,12347000.0,267000.0,,,15744000.0,,,,2752000.0,634000.0,,,,,,,0.01,2000000.0,0.0,0.0,,3552000.0,,,,624333000.0,349529000.0,,,,,837005000.0,253631000.0,,20755000.0,,,,,,,,,,,,,,,,,,,,,,792111000.0,,2455000.0,,,1000000000.0,,,,6468705.0,,111718000.0,82000.0,20537000.0,20496000.0,,,,
2020-09-30,2020-10-29,10-Q,ENCORE WIRE CORPORATION,WIRE,CIK0000850460,USD,58122000.0,257210000.0,3115000.0,1420000.0,36531000.0,9486000.0,,279731000.0,67494000.0,396000.0,,,,2501000.0,,,165424.0,941521000.0,564709000.0,152896000.0,217103000.0,,,217103000.0,,,,0.02,0.01,40000000.0,27025388.0,270000.0,66160000.0,286241000.0,,,,,,31798000.0,,,,,,,,,,,,,,,,,,,,413000.0,1.02,1.02,0.226,,,,,,12249000.0,,53459000.0,27148000.0,27148000.0,6136000.0,,0.0,,,,,,,,,,,,,,,,85082000.0,137616000.0,50445000.0,,14500000.0,87171000.0,19605000.0,32929000.0,,60662000.0,1600000.0,941521000.0,96073000.0,,0.0,,148400000.0,,,,363976000.0,,,,,,,21012000.0,39000.0,,,27109000.0,,,,3444000.0,600000.0,,,,,,,0.01,2000000.0,0.0,0.0,,3225000.0,,,,655943000.0,376212000.0,,,,,857604000.0,339700000.0,,26350000.0,,,,,,,,,,,,,,,,,,,,,,813650000.0,,544000.0,,,1000000000.0,,,,6468705.0,,111718000.0,,20602000.0,20548000.0,,,,
2020-12-31,2021-02-22,10-K,ENCORE WIRE CORPORATION,WIRE,CIK0000850460,USD,56726000.0,275781000.0,4427000.0,0.0,36866000.0,4096000.0,,283923000.0,67885000.0,1878000.0,,5283000.0,,2215000.0,0.0,286000.0,136000.0,966454000.0,555133000.0,153094000.0,183123000.0,,,183123000.0,,-47842000.0,0.0,0.08,0.01,40000000.0,27025388.0,270000.0,91688000.0,1082413000.0,,14277000.0,2024000.0,143000.0,6429000.0,35133000.0,6285000.0,503000.0,,,,-474000.0,,,499000.0,33837000.0,,,,35869000.0,2500000.0,,,,19459000.0,1649000.0,4.859999999999999,4.85,,,,700000.0,,,15345000.0,,253339000.0,98796000.0,98796000.0,22729000.0,14100000.0,1256000.0,,,20747000.0,250000.0,1732000.0,7580000.0,53383000.0,,2346000.0,2638000.0,746000.0,54000.0,200000.0,0.0,,88544000.0,159697000.0,67375000.0,,,92322000.0,40842000.0,30311000.0,,60662000.0,600000.0,966454000.0,93592000.0,0.0,0.0,,149400000.0,,,0.0,373902000.0,-19313000.0,,-85991000.0,,57462000.0,,100167000.0,1269000.0,,1.0,97527000.0,,,,3683000.0,553000.0,-470000.0,,20662000.0,1650000.0,0.0,86082000.0,0.01,2000000.0,0.0,0.0,,2651000.0,2999000.0,0.0,91000.0,694691000.0,410768000.0,700000.0,,0.0,,881292000.0,1657771000.0,,97008000.0,1878000.0,,,,1000000.0,994500000000.0,400000.0,10028.0,51.63,0.0,,5898000.0,314500.0,41.82,4642000.0,226000.0,40.03,49.8,,51.2,,837729000.0,68972.0,2999000.0,,,1000000.0,,,,6468705.0,441250.0,111718000.0,20662000.0,20653000.0,20599000.0,,1228000.0,19400000.0,
2021-03-31,2021-04-28,10-Q,ENCORE WIRE CORPORATION,WIRE,CIK0000850460,USD,69811000.0,348709000.0,1009000.0,13190000.0,34886000.0,6560000.0,,284853000.0,68777000.0,737000.0,,,,2337000.0,,,0.0,1030186000.0,596298000.0,153141000.0,154968000.0,,,154968000.0,-28155000.0,,,0.02,0.01,40000000.0,27040850.0,270000.0,113788000.0,359636000.0,,,,,-2276000.0,32902000.0,,,,,,,,,,,,,,,,,,,5300000.0,413000.0,2.0,1.99,0.228,,,,,,12015000.0,,84504000.0,,53377000.0,12188000.0,,0.0,,,,,,9753000.0,72928000.0,,14446000.0,-1979000.0,-907000.0,,,,,94135000.0,179682000.0,89339000.0,,22000000.0,90343000.0,42401000.0,43146000.0,,60662000.0,600000.0,1030186000.0,117887000.0,,0.0,,199400000.0,,,,378465000.0,-806000.0,,-26504000.0,,-845000.0,,41189000.0,25000.0,,,53352000.0,,,,4973000.0,670000.0,-48000.0,,0.0,411000.0,550000.0,26504000.0,0.01,2000000.0,0.0,0.0,,2278000.0,155000.0,,0.0,718071000.0,433218000.0,,,,,922068000.0,444140000.0,,31152000.0,737000.0,,,,,,,,,,,,,,,,,,,,,879397000.0,,155000.0,,,1000000000.0,,,,6468705.0,0.0,111718000.0,,20719000.0,20568000.0,,,,
2021-06-30,2021-07-29,10-Q,ENCORE WIRE CORPORATION,WIRE,CIK0000850460,USD,77458000.0,574191000.0,2436000.0,42093000.0,58540000.0,9930000.0,,285376000.0,70366000.0,1331000.0,,,,3800000.0,,,0.0,1274904000.0,823325000.0,216793000.0,157872000.0,,,157872000.0,,,,0.02,0.01,40000000.0,27056100.0,271000.0,42440000.0,467066000.0,,,,,,33188000.0,,,,,,,,,,,,,,,,,,,,415000.0,8.89,8.82,0.225,,,,,,13714000.0,,277342000.0,,236240000.0,53187000.0,,0.0,,,,,,,,,,,,,,,,95366000.0,201311000.0,113391000.0,,24100000.0,87920000.0,61183000.0,44762000.0,,73725000.0,600000.0,1274904000.0,178091000.0,,0.0,,199400000.0,,,,389647000.0,,,,,,,183053000.0,38000.0,,,236202000.0,,,,6894000.0,636000.0,,,,,,,0.01,2000000.0,0.0,0.0,,3342000.0,,,,736319000.0,450943000.0,,,,,1104706000.0,744408000.0,,41140000.0,,,,,,,,,,,,,,,,,,,,,,1063625000.0,,259000.0,,,1000000000.0,,,,6468705.0,,111718000.0,,20763000.0,20581000.0,,,,
2021-09-30,2021-10-28,10-Q,ENCORE WIRE CORPORATION,WIRE,CIK0000850460,USD,67475000.0,536178000.0,3764000.0,15932000.0,68623000.0,11869000.0,,286656000.0,71217000.0,851000.0,,,,3800000.0,,,49.0,1393381000.0,925911000.0,215452000.0,294860000.0,,,294860000.0,,,,0.02,0.01,40000000.0,27060100.0,271000.0,60097000.0,445554000.0,,,,,,34476000.0,,,,,,,,,,,,,,,,,,,,407000.0,8.6,8.51,0.227,,,,,,13646000.0,,270766000.0,227002000.0,,51464000.0,,0.0,,,,,,,,,,,,,,,,101203000.0,204734000.0,114007000.0,,600000.0,90727000.0,55088000.0,48443000.0,,72838000.0,600000.0,1393381000.0,152030000.0,,0.0,,199400000.0,,,,391491000.0,,,,,,,175538000.0,52000.0,,,226950000.0,,,,6494000.0,602000.0,,,,,,,0.01,2000000.0,0.0,0.0,,4146000.0,,,,753524000.0,466868000.0,,,,,1279837000.0,716320000.0,,43816000.0,,,,,,,,,,,,,,,,,,,,,,1206875000.0,,,,,606621.0,,,,6862084.0,,144450000.0,32732000.0,20629000.0,20421000.0,,,,
2021-12-31,2022-02-17,10-K,ENCORE WIRE CORPORATION,WIRE,CIK0000850460,USD,75353000.0,491126000.0,5018000.0,,78747000.0,4778000.0,,265181000.0,72753000.0,3785000.0,,26006000.0,,3800000.0,122000.0,0.0,0.0,1530536000.0,1035050000.0,,438990000.0,,,438990000.0,,255867000.0,,0.08,0.01,40000000.0,27083100.0,271000.0,,1724975000.0,,143392000.0,12319000.0,132000.0,2264000.0,37347000.0,2132000.0,423000.0,,,,-175000.0,,,856000.0,36101000.0,,,,42966000.0,3000000.0,,,,23288000.0,1635000.0,33.51,33.129999999999995,,,,300000.0,,,,,1102880000.0,699397000.0,,157975000.0,155500000.0,951000.0,,,146873000.0,1266000.0,9836000.0,66886000.0,216808000.0,,305000.0,8494000.0,62000.0,,400000.0,0.0,,123401000.0,217835000.0,117019000.0,,,100816000.0,54012000.0,40422000.0,,,400000.0,1530536000.0,154100000.0,0.0,0.0,,199600000.0,,,0.0,,-44396000.0,,-118155000.0,,418418000.0,,683064000.0,194000.0,,1.0,699203000.0,,,,6199000.0,570000.0,-5831000.0,,43296000.0,1633000.0,550000.0,118252000.0,0.01,2000000.0,0.0,0.0,,3167000.0,1083000.0,,97000.0,760097000.0,494916000.0,1463000.0,,,,1421079000.0,3280574000.0,,168543000.0,3786000.0,,,,,889650000000.0,3100000.0,0.0,0.0,0.0,,27928000.0,279500.0,43.18,23493000.0,232500.0,42.06,30.95,,0.0,,1339089000.0,35000.0,1084000.0,,,917822.0,,,,6944262.0,475557.0,155014000.0,43296000.0,20649000.0,20439000.0,400000.0,5032000.0,23200000.0,
