end,filed,form,Name,Ticker,CIK,Currency,AccountsPayableAndAccruedLiabilitiesCurrent,AccountsReceivableNet,AdditionalPaidInCapital,AdjustmentForAmortization,Assets,AssetsCurrent,BusinessCombinationConsiderationTransferred1,BusinessCombinationRecognizedIdentifiableAssetsAcquiredAndLiabilitiesAssumedAssets,BusinessCombinationRecognizedIdentifiableAssetsAcquiredAndLiabilitiesAssumedCashAndEquivalents,BusinessCombinationRecognizedIdentifiableAssetsAcquiredAndLiabilitiesAssumedLand,BusinessCombinationRecognizedIdentifiableAssetsAcquiredAndLiabilitiesAssumedPropertyPlantAndEquipment,CashAndCashEquivalentsAtCarryingValue,CashAndCashEquivalentsPeriodIncreaseDecrease,CashCashEquivalentsRestrictedCashAndRestrictedCashEquivalentsPeriodIncreaseDecreaseIncludingExchangeRateEffect,CommonStockParOrStatedValuePerShare,CommonStockShareSubscribedButUnissuedSubscriptionsReceivable,CommonStockSharesAuthorized,CommonStockSharesIssued,CommonStockSharesOutstanding,CommonStockSharesSubscriptions,CommonStockValue,CostOfRevenue,DebtConversionConvertedInstrumentAmount1,DebtConversionConvertedInstrumentSharesIssued1,DeferredTaxAssetsCapitalLossCarryforwards,DeferredTaxAssetsValuationAllowance,DepreciationAndAmortization,DueToRelatedPartiesCurrent,EarningsPerShareBasicAndDiluted,EffectiveIncomeTaxRateReconciliationAtFederalStatutoryIncomeTaxRate,EscrowDepositDisbursementsRelatedToPropertyAcquisition1,ExplorationExpense,GeneralAndAdministrativeExpense,GrossProfit,ImpairmentLossesRelatedToRealEstatePartnerships,ImpairmentOfLongLivedAssetsHeldForUse,ImpairmentOfOngoingProject,IncomeTaxesPaidNet,IncomeTaxReconciliationChangeInDeferredTaxAssetsValuationAllowance,IncomeTaxReconciliationStateAndLocalIncomeTaxes,IncreaseDecreaseInAccountsPayableAndAccruedLiabilities,IncreaseDecreaseInAccountsReceivable,IncreaseDecreaseInDueToRelatedParties,IncreaseDecreaseInInventories,IncreaseDecreaseInPrepaidExpense,InterestExpense,InterestPaid,InventoryFinishedGoods,InventoryNet,InvestmentIncomeInterest,IssuanceOfStockAndWarrantsForServicesOrClaims,LaborAndRelatedExpense,Land,Liabilities,LiabilitiesAndStockholdersEquity,LiabilitiesCurrent,LoansPayableCurrent,NetCashProvidedByUsedInFinancingActivities,NetCashProvidedByUsedInInvestingActivities,NetCashProvidedByUsedInOperatingActivities,NetCashProvidedByUsedInOperatingActivitiesContinuingOperations,NetIncomeLoss,OperatingExpenses,OperatingIncomeLoss,OperatingLeaseExpense,OperatingLeasesFutureMinimumPaymentsDueCurrent,OperatingLeasesRentExpenseMinimumRentals,OperatingLossCarryforwards,OtherNonoperatingIncomeExpense,PaymentsForProceedsFromRealEstatePartnershipInvestmentNet,PaymentsForRepurchaseOfCommonStock,PaymentsToAcquireBusinessesGross,PaymentsToAcquireBusinessesNetOfCashAcquired,PaymentsToAcquireOilAndGasProperty,PaymentsToAcquirePropertyPlantAndEquipment,PreferredStockParOrStatedValuePerShare,PreferredStockSharesAuthorized,PreferredStockSharesIssued,PreferredStockSharesOutstanding,PreferredStockValue,PrepaidExpenseCurrent,ProceedsFromIssuanceOfCommonStock,ProceedsFromRecoveriesOfLoanPreviouslyChargedOff,ProceedsFromRelatedPartyDebt,ProceedsFromRepaymentsOfRelatedPartyDebt,ProceedsFromShortTermDebt,ProfessionalFees,ProfitLoss,PropertyPlantAndEquipmentNet,RepaymentsOfRelatedPartyDebt,RepaymentsOfShortTermDebt,RetainedEarningsAccumulatedDeficit,RetainedEarningsUnappropriated,RevenueFromRelatedParties,Revenues,SalariesAndWages,SaleOfStockPricePerShare,ShareBasedGoodsAndNonemployeeServicesTransactionStockholdersEquity,SponsorFees,StockholdersEquity,StockIssued1,StockIssuedDuringPeriodSharesAcquisitions,StockIssuedDuringPeriodValueAcquisitions,StockIssuedDuringPeriodValueConversionOfConvertibleSecurities,StockIssuedDuringPeriodValueConversionOfConvertibleSecuritiesNetOfAdjustments,StockIssuedDuringPeriodValueIssuedForServices,StockIssuedDuringPeriodValueNewIssues,StockIssuedDuringPeriodValueOther,StockRepurchasedAndRetiredDuringPeriodValue,StockRepurchasedDuringPeriodValue,WeightedAverageNumberOfShareOutstandingBasicAndDiluted,WeightedAverageNumberOfSharesOutstandingBasic
2009-12-31,2010-04-08,10-K,CANNONAU CORP,CNNC,CIK0001410187,USD,,,,,,,,,,,,2448.0,,,,,,,,,,,,,,,,,,,,,,,,,,,,,,,,,,,,,,,,,,,,,,,,,,,,,,,,,,,,,,,,,,,,,,,,,,,,,,,,,,,,,,,,-24649.0,,,,,,,,,,,,
2010-06-30,2010-08-17,10-Q,CANNONAU CORP,CNNC,CIK0001410187,USD,,,,,,,,,,,,1241048.0,,,,,,,,,,,,,,,0.0,,-0.01,,,0.0,41565.0,,,,,,,,,,,,,0.0,,,,0.0,,,,,,,,,,,,-284088.0,284088.0,-284088.0,,,,,0.0,,,,,,,,,,,,,,,,,,12150.0,,,,,,,,0.0,0.0,,,,,,,,,,,,,,,,38601374.0
2010-09-30,2010-11-15,10-Q,CANNONAU CORP,CNNC,CIK0001410187,USD,,,,,,,,,,,,998142.0,,,,,,,,,,,,,,,,,-0.02,,,,57734.0,,,,,,,,,,,,,,,,,420.0,,,,,,,,,,,,-788105.0,788525.0,-788525.0,,,,,420.0,,,,,,,,,,,,,,,,,,265203.0,,,,,,,,,34000.0,,,,,,,,,,,,,,,,40452696.0
2010-12-31,2011-04-13,10-K,CANNONAU CORP,CNNC,CIK0001410187,USD,19037.0,,3317739.0,8193.0,1314114.0,682149.0,,,,,,432833.0,430385.0,,0.001,27000.0,290000000.0,41029000.0,41029000.0,27000.0,41029.0,,,,,,8193.0,11982.0,-0.05,,,17400.0,139225.0,,79420.0,,419258.0,,,,-3035.0,,,,-249316.0,82.0,,,,1135.0,,,591000.0,43499.0,1314114.0,43499.0,12480.0,2101438.0,-428200.0,-1242853.0,,-1966090.0,1967143.0,-1967143.0,,,,,1053.0,100000.0,,,299622.0,,49158.0,0.001,10000000.0,,,0.0,249316.0,,20580.0,11982.0,2082001.0,359173.0,331210.0,,40965.0,,351718.0,-2115153.0,,,,109123.0,,468717.0,82585.0,-1270615.0,,,710636.0,,,441717.0,2057001.0,25000.0,,,,39412195.0
2011-03-31,2011-05-16,10-Q,CANNONAU CORP,CNNC,CIK0001410187,USD,,,,4096.0,,,,,,,,246844.0,-185989.0,,,,,,,,,,,,,,4096.0,,-0.01,,,,74636.0,,,,,,,,63691.0,,,,19065.0,308.0,,,,44.0,,,,,,,,-11982.0,,-174007.0,,-260859.0,260595.0,-260595.0,,,,,-264.0,,,,,,,,,,,,,,,,-11982.0,,39388.0,,,,,,,,,32759.0,,,,,,,,,,,,,,,,41029000.0
2011-06-30,2011-08-22,10-Q,CANNONAU CORP,CNNC,CIK0001410187,USD,40613.0,,3317739.0,,854044.0,230272.0,,,,,,91679.0,,,0.001,27000.0,290000000.0,41029000.0,41029000.0,,41029.0,,,,,,4097.0,1423.0,-0.01,,,0.0,79354.0,,,,,,,,,,,,,393.0,,,,0.0,,,591000.0,54516.0,854044.0,,12480.0,,,,,-210225.0,209832.0,-209832.0,,,,,-393.0,,,,,,,0.001,10000000.0,,,0.0,138593.0,,,,,,38184.0,,32772.0,,,-2586240.0,,,0.0,32516.0,,,,799528.0,,,,,,,,,,,,41029000.0
2011-09-30,2019-03-05,10-Q,CANNONAU CORP,CNNC,CIK0001410187,USD,7000.0,,3317739.0,,0.0,,,,,,,,,,0.001,,290000000.0,41029000.0,41029000.0,27000.0,41029.0,,,,,,,,-0.01,,,,300255.0,,,631965.0,,,,,,,,,,,,,,,,,,,0.0,7000.0,,,,,,-932220.0,932220.0,-932220.0,,,,,,,,,,,,0.001,10000000.0,,,,,,,,,,36200.0,,,,,-3392768.0,,,,,,,,-7000.0,,,,,,,,,,,,41029000.0
2011-12-31,2019-04-26,10-K,CANNONAU CORP,CNNC,CIK0001410187,USD,7000.0,,3317739.0,,0.0,,,,,,,,-432833.0,,0.001,,290000000.0,41029000.0,41029000.0,27000.0,41029.0,,,,1137408.0,1137408.0,,,-0.03,,,,609450.0,,,,,,-668471.0,668471.0,-36499.0,,,,249316.0,,,,,,,,,,0.0,7000.0,7000.0,,,-432833.0,,-1277615.0,1277615.0,-1277615.0,,,,,,,,,,,,0.001,10000000.0,,,,,,,,,,36200.0,,,,,-3392768.0,,,,,0.2,,,-7000.0,,,,,,,,,,,,41029000.0
2012-03-31,2019-04-29,10-Q,CANNONAU CORP,CNNC,CIK0001410187,USD,7000.0,,3317739.0,,0.0,,,,,,,,,,0.001,,290000000.0,41029000.0,41029000.0,27000.0,41029.0,,,,,,,,,,,,,,,,,,,,,,,,,,,,,,,,,,0.0,7000.0,,,,,,,,,,,,,,,,,,,,0.001,10000000.0,,,,,,,,,,,,,,,-3392768.0,,,,,,,,-7000.0,,,,,,,,,,,,41029000.0
2012-06-30,2019-04-29,10-Q,CANNONAU CORP,CNNC,CIK0001410187,USD,7000.0,,3317739.0,,0.0,,,,,,,,,,0.001,,290000000.0,41029000.0,41029000.0,27000.0,41029.0,,,,,,,,,,,,,,,,,,,,,,,,,,,,,,,,,,0.0,7000.0,,,,,,,,,,,,,,,,,,,,0.001,10000000.0,,,,,,,,,,,,,,,-3392768.0,,,,,,,,-7000.0,,,,,,,,,,,,41029000.0
2012-09-30,2019-04-29,10-Q,CANNONAU CORP,CNNC,CIK0001410187,USD,7000.0,,3317739.0,,0.0,,,,,,,,,,0.001,,290000000.0,41029000.0,41029000.0,27000.0,41029.0,,,,,,,,,,,,,,,,,,,,,,,,,,,,,,,,,,0.0,7000.0,,,,,,,,,,,,,,,,,,,,0.001,10000000.0,,,,,,,,,,,,,,,-3392768.0,,,,,,,,-7000.0,,,,,,,,,,,,41029000.0
2012-12-31,2019-04-29,10-K,CANNONAU CORP,CNNC,CIK0001410187,USD,7000.0,,3317739.0,,0.0,,,,,,,,,,0.001,,290000000.0,41029000.0,41029000.0,27000.0,41029.0,,,,1137408.0,1137408.0,,,,0.34,,,,,,,,,,,,,,,,,,,,,,,,,0.0,7000.0,,,,,,,,,,,,3345317.0,,,,,,,,0.001,10000000.0,,,,,,,,,,,,,,,-3392768.0,,,,,,,,-7000.0,,,,,,,,,,,,41029000.0
2013-03-31,2019-04-29,10-Q,CANNONAU CORP,CNNC,CIK0001410187,USD,7000.0,,3317739.0,,0.0,,,,,,,,,,0.001,,290000000.0,41029000.0,41029000.0,27000.0,41029.0,,,,,,,,,,,,,,,,,,,,,,,,,,,,,,,,,,0.0,7000.0,,,,,,,,,,,,,,,,,,,,0.001,10000000.0,,,,,,,,,,,,,,,-3392768.0,,,,,,,,-7000.0,,,,,,,,,,,,41029000.0
2013-06-30,2019-04-29,10-Q,CANNONAU CORP,CNNC,CIK0001410187,USD,7000.0,,3317739.0,,0.0,,,,,,,,,,0.001,,290000000.0,41029000.0,41029000.0,27000.0,41029.0,,,,,,,,,,,,,,,,,,,,,,,,,,,,,,,,,,0.0,7000.0,,,,,,,,,,,,,,,,,,,,0.001,10000000.0,,,,,,,,,,,,,,,-3392768.0,,,,,,,,-7000.0,,,,,,,,,,,,41029000.0
2013-09-30,2019-04-30,10-Q,CANNONAU CORP,CNNC,CIK0001410187,USD,7000.0,,3317739.0,,0.0,,,,,,,,,,0.001,,290000000.0,41029000.0,41029000.0,27000.0,41029.0,,,,,,,,,,,,,,,,,,,,,,,,,,,,,,,,,,0.0,7000.0,,,,,,,,,,,,,,,,,,,,0.001,10000000.0,,,,,,,,,,,,,,,-3392768.0,,,,,,,,-7000.0,,,,,,,,,,,,41029000.0
2013-12-31,2019-04-30,10-K,CANNONAU CORP,CNNC,CIK0001410187,USD,7000.0,,3317739.0,,0.0,,,,,,,,,,0.001,,290000000.0,41029000.0,41029000.0,27000.0,41029.0,,,,1137408.0,1137408.0,,,,0.34,,,,,,,,,,,,,,,,,,,,,,,,,0.0,7000.0,,,,,,,,,,,,3345317.0,,,,,,,,0.001,10000000.0,,,,,,,,,,,,,,,-3392768.0,,,,,,,,-7000.0,,,,,,,,,,,,41029000.0
2014-03-31,2019-04-30,10-Q,CANNONAU CORP,CNNC,CIK0001410187,USD,7000.0,,3317739.0,,0.0,,,,,,,,,,0.001,,290000000.0,41029000.0,41029000.0,27000.0,41029.0,,,,,,,,,,,,,,,,,,,,,,,,,,,,,,,,,,0.0,7000.0,,,,,,,,,,,,,,,,,,,,0.001,10000000.0,,,,,,,,,,,,,,,-3392768.0,,,,,,,,-7000.0,,,,,,,,,,,,41029000.0
2014-06-30,2019-04-30,10-Q,CANNONAU CORP,CNNC,CIK0001410187,USD,7000.0,,3317739.0,,0.0,,,,,,,,,,0.001,,290000000.0,41029000.0,41029000.0,27000.0,41029.0,,,,,,,,,,,,,,,,,,,,,,,,,,,,,,,,,,0.0,7000.0,,,,,,,,,,,,,,,,,,,,0.001,10000000.0,,,,,,,,,,,,,,,-3392768.0,,,,,,,,-7000.0,,,,,,,,,,,,41029000.0
2014-09-30,2019-04-30,10-Q,CANNONAU CORP,CNNC,CIK0001410187,USD,7000.0,,3317739.0,,0.0,,,,,,,,,,0.001,,290000000.0,41029000.0,41029000.0,27000.0,41029.0,,,,,,,,,,,,,,,,,,,,,,,,,,,,,,,,,,0.0,7000.0,,,,,,,,,,,,,,,,,,,,0.001,10000000.0,,,,,,,,,,,,,,,-3392768.0,,,,,,,,-7000.0,,,,,,,,,,,,41029000.0
2014-12-31,2019-04-30,10-K,CANNONAU CORP,CNNC,CIK0001410187,USD,7000.0,,3317739.0,,0.0,,,,,,,,,,0.001,,290000000.0,41029000.0,41029000.0,27000.0,41029.0,,,,1137408.0,1137408.0,,,,0.34,,,,,,,,,,,,,,,,,,,,,,,,,0.0,7000.0,,,,,,,,,,,,3345317.0,,,,,,,,0.001,10000000.0,,,,,,,,,,,,,,,-3392768.0,,,,,,,,-7000.0,,,,,,,,,,,,41029000.0
2015-03-31,2019-04-30,10-Q,CANNONAU CORP,CNNC,CIK0001410187,USD,7000.0,,3317739.0,,0.0,,,,,,,,,,0.001,,290000000.0,41029000.0,41029000.0,27000.0,41029.0,,,,,,,,,,,,,,,,,,,,,,,,,,,,,,,,,,0.0,7000.0,,,,,,,,,,,,,,,,,,,,0.001,10000000.0,,,,,,,,,,,,,,,-3392768.0,,,,,,,,-7000.0,,,,,,,,,,,,41029000.0
2015-06-30,2019-05-01,10-Q,CANNONAU CORP,CNNC,CIK0001410187,USD,7000.0,,3317739.0,,0.0,,,,,,,,,,0.001,,290000000.0,41029000.0,41029000.0,27000.0,41029.0,,,,,,,,,,,,,,,,,,,,,,,,,,,,,,,,,,0.0,7000.0,,,,,,,,,,,,,,,,,,,,0.001,10000000.0,,,,,,,,,,,,,,,-3392768.0,,,,,,,,-7000.0,,,,,,,,,,,,41029000.0
2015-09-30,2019-05-01,10-Q,CANNONAU CORP,CNNC,CIK0001410187,USD,7000.0,,3317739.0,,0.0,,,,,,,,,,0.001,,290000000.0,41029000.0,41029000.0,27000.0,41029.0,,,,,,,,,,,,,,,,,,,,,,,,,,,,,,,,,,0.0,7000.0,,,,,,,,,,,,,,,,,,,,0.001,10000000.0,,,,,,,,,,,,,,,-3392768.0,,,,,,,,-7000.0,,,,,,,,,,,,41029000.0
2015-12-31,2019-05-01,10-K,CANNONAU CORP,CNNC,CIK0001410187,USD,7000.0,,3317739.0,,0.0,,,,,,,,,,0.001,,290000000.0,41029000.0,41029000.0,27000.0,41029.0,,,,1137408.0,1137408.0,,,,0.34,,,,,,,,,,,,,,,,,,,,,,,,,0.0,7000.0,,,,,,,,,,,,3345317.0,,,,,,,,0.001,10000000.0,,,,,,,,,,,,,,,-3392768.0,,,,,,,,-7000.0,,,,,,,,,,,,41029000.0
2016-03-31,2019-05-01,10-Q,CANNONAU CORP,CNNC,CIK0001410187,USD,7000.0,,3317739.0,,0.0,,,,,,,,,,0.001,,290000000.0,41029000.0,41029000.0,27000.0,41029.0,,,,,,,,,,,,,,,,,,,,,,,,,,,,,,,,,,0.0,7000.0,,,,,,,,,,,,,,,,,,,,0.001,10000000.0,,,,,,,,,,,,,,,-3392768.0,,,,,,,,-7000.0,,,,,,,,,,,,41029000.0
2016-06-30,2019-05-01,10-Q,CANNONAU CORP,CNNC,CIK0001410187,USD,7000.0,,3317739.0,,0.0,,,,,,,,,,0.001,,290000000.0,41029000.0,41029000.0,27000.0,41029.0,,,,,,,,,,,,,,,,,,,,,,,,,,,,,,,,,,0.0,7000.0,,,,,,,,,,,,,,,,,,,,0.001,10000000.0,,,,,,,,,,,,,,,-3392768.0,,,,,,,,-7000.0,,,,,,,,,,,,41029000.0
2016-09-30,2019-05-01,10-Q,CANNONAU CORP,CNNC,CIK0001410187,USD,7000.0,,3317739.0,,0.0,,,,,,,,,,0.001,,290000000.0,41029000.0,41029000.0,27000.0,41029.0,,,,,,,,,,,,,,,,,,,,,,,,,,,,,,,,,,0.0,7000.0,,,,,,,,,,,,,,,,,,,,0.001,10000000.0,,,,,,,,,,,,,,,-3392768.0,,,,,,,,-7000.0,,,,,,,,,,,,41029000.0
2016-12-31,2019-05-01,10-K,CANNONAU CORP,CNNC,CIK0001410187,USD,7000.0,,3317739.0,,0.0,,,,,,,,,,0.001,,290000000.0,41029000.0,41029000.0,27000.0,41029.0,,,,1137408.0,1137408.0,,,,0.34,,,,,,,,,,,,,,,,,,,,,,,,,0.0,7000.0,,,,,,,,,,,,3345317.0,,,,,,,,0.001,10000000.0,,,,,,,,,,,,,,,-3392768.0,,,,,,,,-7000.0,,,,,,,,,,,,41029000.0
2017-03-31,2019-05-01,10-Q,CANNONAU CORP,CNNC,CIK0001410187,USD,7000.0,,3317739.0,,0.0,,,,,,,,,,0.001,,290000000.0,41029000.0,41029000.0,27000.0,41029.0,,,,,,,,,,,,,,,,,,,,,,,,,,,,,,,,,,0.0,7000.0,,,,,,,,,,,,,,,,,,,,0.001,10000000.0,,,,,,,,,,,,,,,-3392768.0,,,,,,,,-7000.0,,,,,,,,,,,,41029000.0
2017-06-30,2019-05-01,10-Q,CANNONAU CORP,CNNC,CIK0001410187,USD,7000.0,,3317739.0,,0.0,,,,,,,,,,0.001,,290000000.0,41029000.0,41029000.0,27000.0,41029.0,,,,,,,,,,,,,,,,,,,,,,,,,,,,,,,,,,0.0,7000.0,,,,,,,,,,,,,,,,,,,,0.001,10000000.0,,,,,,,,,,,,,,,-3392768.0,,,,,,,,-7000.0,,,,,,,,,,,,41029000.0
2017-09-30,2019-05-01,10-Q,CANNONAU CORP,CNNC,CIK0001410187,USD,7000.0,,3317739.0,,0.0,,,,,,,,,,0.001,,290000000.0,41029000.0,41029000.0,27000.0,41029.0,,,,,,,,,,,,,,,,,,,,,,,,,,,,,,,,,,0.0,7000.0,,,,,,,,,,,,,,,,,,,,0.001,10000000.0,,,,,,,,,,,,,,,-3392768.0,,,,,,,,-7000.0,,,,,,,,,,,,41029000.0
2017-12-31,2019-05-01,10-K,CANNONAU CORP,CNNC,CIK0001410187,USD,7000.0,,3317739.0,,0.0,,,,,,,,,,0.001,,290000000.0,41029000.0,41029000.0,27000.0,41029.0,,,,1137408.0,1137408.0,,,,0.34,,,,,,,,,,,,,,,,,,,,,,,,,0.0,7000.0,,,,,,,,,,,,3345317.0,,,,,,,,0.001,10000000.0,,,,,,,,,,,,,,,-3392768.0,,,,,,,,-7000.0,,,,,,,,,,,,41029000.0
2018-03-31,2019-05-01,10-Q,CANNONAU CORP,CNNC,CIK0001410187,USD,7000.0,,3317739.0,,0.0,,,,,,,,,,0.001,,290000000.0,41029000.0,41029000.0,27000.0,41029.0,,,,,,,,,,,,,,,,,,,,,,,,,,,,,,,,,,0.0,7000.0,,,,,,,,,,,,,,,,,,,,0.001,10000000.0,,,,,,,,,,,,,,,-3392768.0,,,,,,,,-7000.0,,,,,,,,,,,,41029000.0
2018-06-30,2019-05-01,10-Q,CANNONAU CORP,CNNC,CIK0001410187,USD,7000.0,,3317739.0,,0.0,,,,,,,,,,0.001,,290000000.0,41029000.0,41029000.0,27000.0,41029.0,,,,,,,,,,,,,,,,,,,,,,,,,,,,,,,,,,0.0,7000.0,,,,,,,,,,,,,,,,,,,,0.001,10000000.0,,,,,,,,,,,,,,,-3392768.0,,,,,,,,-7000.0,,,,,,,,,,,,41029000.0
2018-09-30,2019-05-01,10-Q,CANNONAU CORP,CNNC,CIK0001410187,USD,7000.0,,3317739.0,,0.0,,,,,,,,,,0.001,,290000000.0,41029000.0,41029000.0,27000.0,41029.0,,,,,,,,,,,,,,,,,,,,,,,,,,,,,,,,,,0.0,7000.0,,,,,,,,,,,,,,,,,,,,0.001,10000000.0,,,,,,,,,,,,,,,-3392768.0,,,,,,,,-7000.0,,,,,,,,,,,,41029000.0
2018-12-31,2019-05-01,10-K,CANNONAU CORP,CNNC,CIK0001410187,USD,7000.0,,3358628.0,,0.0,,,,,,,,,,0.001,,290000000.0,140235.0,140235.0,27000.0,140.0,,,,728500.0,728500.0,,,,0.34,,,,,,,,,,,,,,,,,,,,,,,,,0.0,7000.0,,,,,,,,,,,,,,,,,,,,0.001,10000000.0,,,,,,,,,,,,,,,-3392768.0,,,,,,,,-7000.0,,,,,,,,,,,,20515.0
2019-03-31,2019-05-01,10-Q,CANNONAU CORP,CNNC,CIK0001410187,USD,7000.0,,3317739.0,,0.0,,,,,,,,,,0.001,,290000000.0,41029000.0,41029000.0,27000.0,41029.0,,,,,,,,,,,,,,,,,,,,,,,,,,,,,,,,,,0.0,7000.0,,,,,,,,,,,,,,,,,,,,0.001,10000000.0,,,,,,,,,,,,,,,-3392768.0,,,,,,,,-7000.0,,,,,,,,,,,,20515.0
2019-06-30,2019-08-20,10-Q,CANNONAU CORP,CNNC,CIK0001410187,USD,24261.0,,3222739.0,,2118.0,2118.0,,,,,,,,,0.001,,290000000.0,141029000.0,141029000.0,27000.0,141029.0,,,,,,,24419.0,0.0,,,,14941.0,,,,,,,,,,,,,,,2118.0,,,,,,,2118.0,48680.0,,,,,,-44562.0,44562.0,-44562.0,,,,,,,,,,,,0.001,10000000.0,,,,,,,,,,26101.0,,,,,-3437330.0,,,,3520.0,,,,-7000.0,,,,,,,,,,,,20515.0
2019-09-30,2019-11-15,10-Q,CANNONAU CORP,CNNC,CIK0001410187,USD,24761.0,,3317739.0,,11092.0,11092.0,,,,,,,,,0.001,,290000000.0,41029000.0,41029000.0,27000.0,41029.0,,,,,,,45856.0,0.0,,,,1883.0,,,,,,,,,,,,,,,11092.0,,,,,,,11092.0,70617.0,,,,,,-7963.0,7963.0,-7963.0,,,,,,,,,,,,0.001,10000000.0,,,,,,,,,,500.0,,,,,-3445293.0,,,,5580.0,,,,-7000.0,,,,,,,,,,,,20515.0
2019-12-31,2020-05-12,10-K,CANNONAU CORP,CNNC,CIK0001410187,USD,3291.0,,3361585.0,,11114.0,11114.0,,,,,,70.0,70.0,,0.001,,290000000.0,182735.0,182735.0,27000.0,183.0,,,,746200.0,746200.0,,86102.0,-1.48,0.21,,,14241.0,,,,,,-16019.0,16019.0,-3709.0,,,11044.0,,,,11044.0,,,,37260.0,,,11114.0,89393.0,,89102.0,,-89032.0,,-74279.0,74279.0,-74279.0,,,,3554000.0,,,2000.0,,,,,0.001,10000000.0,,,,,,,91102.0,,,22778.0,,,,,-3467047.0,,,,,,,,-78462.0,5000.0,,,5000.0,,,,,-2000.0,2000.0,,50049.0
2020-03-31,2020-05-14,10-Q,CANNONAU CORP,CNNC,CIK0001410187,USD,5361.0,,3361585.0,,11205.0,11205.0,,,,,,161.0,91.0,91.0,,,,,,27000.0,183.0,193.0,,,,,,105187.0,-0.12,,,,2268.0,555.0,,,,,,,2070.0,,,,,,,11044.0,,,,16151.0,,,11205.0,110548.0,,19085.0,,-18994.0,,-21064.0,21619.0,-21064.0,,,,,,,,,,,,,,,,,,,,19085.0,,,3200.0,,,,,-3488111.0,,,748.0,,,,,-57215.0,,,,,,,,,,,,182735.0
2020-06-30,2020-08-19,10-Q,CANNONAU CORP,CNNC,CIK0001410187,USD,5361.0,,3361585.0,,11881.0,11881.0,,,,,,837.0,,,0.001,,290000000.0,182735.0,182735.0,27000.0,183.0,,,,,,,118832.0,-0.07097,,,,8860.0,,,,,,,,,,,,,,,11044.0,,,,4109.0,,,11881.0,124193.0,,,,,,-12969.0,12969.0,-12969.0,,,,,,,,,,,,0.001,10000000.0,,,,,,,,,,,,,,,-3501080.0,,,,,,,,-112312.0,,,,,,,,,,,,182735.0
2020-09-30,2020-11-19,10-Q,CANNONAU CORP,CNNC,CIK0001410187,USD,10969.0,,3136383.0,,20252.0,20252.0,,,,,,1078.0,,,0.001,,290000000.0,241377179.0,241377179.0,27000.0,241377.0,1368.0,,,,,,135669.0,-0.16453,,,,12116.0,-281.0,,,,,,,,,,,,,,19174.0,,,,10560.0,,,20252.0,146638.0,,,,,,-30066.0,29785.0,-30066.0,,,,,,,,,,,,0.001,10000000.0,,,,,,,,,,7109.0,,,,,-3531146.0,,,1087.0,,,,,-126569.0,,,,15992.0,,,,,,,182735.0,227432671.0
2020-12-31,2021-04-14,10-K,CANNONAU CORP,CNNC,CIK0001410187,USD,17326.0,,3136382.0,,19338.0,19338.0,,,,,,164.0,94.0,,0.001,,290000000.0,241377179.0,241377179.0,27000.0,241377.0,1580.0,,,,,,150833.0,,,,,13932.0,255.0,,,,,,,14036.0,,,8130.0,,,,19174.0,19174.0,,,60680.0,,,19338.0,168159.0,,80722.0,,-80627.0,,-86533.0,86788.0,-86533.0,,,,,,,6000.0,,,,,0.001,10000000.0,0.0,0.0,,,15991.0,,86722.0,-6000.0,,12176.0,,,,,-3553580.0,,,1835.0,,,,,-148821.0,15992.0,,,15991.0,,,,,,,,127057187.0
2021-03-31,2021-05-24,10-Q,CANNONAU CORP,CNNC,CIK0001410187,USD,18928.0,,3136382.0,,20122.0,20122.0,,,,,,948.0,,784.0,0.001,,290000000.0,241377178.0,241377178.0,27000.0,241377.0,65.0,,,,,,183862.0,0.0,,,,15064.0,-35.0,,,,,,,1602.0,,,,,,,,19174.0,,,15466.0,,,20122.0,202790.0,,33029.0,,-32245.0,,-33847.0,33812.0,,,,,,,,,,,,,0.001,10000000.0,,,,,,,33029.0,,,3282.0,,,,,3587429.0,,33031.0,30.0,,,,,-182668.0,,,,,,,,,,,,241377179.0
2021-06-30,2021-09-27,10-Q,CANNONAU CORP,CNNC,CIK0001410187,USD,14172.0,5032.0,3136382.0,,24844.0,24844.0,,,,,,638.0,,,0.001,,290000000.0,241377179.0,241377179.0,27000.0,241377.0,443.0,,,,,,209522.0,-8e-05,,,,9877.0,5139.0,,,,,,,,,,,,,,,19174.0,,,5654.0,,,24844.0,223694.0,,,,,,-19137.0,24276.0,,,,,,,,,,,,,0.001,10000000.0,0.0,,,,,,,,,8745.0,,,,,-3603609.0,,,5582.0,,,,,-198850.0,,,,,,,,,,,,241377179.0
2021-09-30,2021-12-10,10-Q,CANNONAU CORP,CNNC,CIK0001410187,USD,17160.0,5032.0,3136382.0,,25600.0,25600.0,,,,,,1394.0,,,0.001,,290000000.0,241377179.0,241377179.0,27000.0,241377.0,148.0,,,,,,226707.0,-8e-05,,,,1763.0,-55.0,,,,,,,,,,,,,,,19174.0,,,15795.0,,,25600.0,243867.0,,,,,,-19416.0,19361.0,,,,,,,,,,,,,0.001,10000000.0,0.0,0.0,,,,,,,,1803.0,,,,,-3623026.0,3623027.0,,93.0,,,,,-218267.0,,,,,,,,,,,241377179.0,
