end,filed,form,Name,Ticker,CIK,Currency,AccountsPayableCurrent,AccretionAmortizationOfDiscountsAndPremiumsInvestments,AccruedLiabilitiesCurrent,AccruedMarketingCostsCurrent,AccruedProfessionalFeesCurrent,AccumulatedOtherComprehensiveIncomeLossNetOfTax,AdditionalPaidInCapital,AdditionalPaidInCapitalCommonStock,AdjustmentsToAdditionalPaidInCapitalSharebasedCompensationRequisiteServicePeriodRecognitionValue,AdjustmentsToAdditionalPaidInCapitalStockIssuedIssuanceCosts,AdjustmentsToAdditionalPaidInCapitalWarrantIssued,AllocatedShareBasedCompensationExpense,AmortizationOfFinancingCosts,AntidilutiveSecuritiesExcludedFromComputationOfEarningsPerShareAmount,Assets,AssetsCurrent,AssetsHeldInTrustNoncurrent,AvailableForSaleDebtSecuritiesAccumulatedGrossUnrealizedGainBeforeTax,AvailableForSaleDebtSecuritiesAccumulatedGrossUnrealizedLossBeforeTax,AvailableForSaleDebtSecuritiesAmortizedCostBasis,AvailableForSaleSecuritiesDebtSecurities,AvailableForSaleSecuritiesDebtSecuritiesCurrent,BusinessAcquisitionPurchasePriceAllocationGoodwillExpectedTaxDeductibleAmount,BusinessCombinationContingentConsiderationLiabilityCurrent,BusinessCombinationContingentConsiderationLiabilityNoncurrent,BusinessCombinationRecognizedIdentifiableAssetsAcquiredAndLiabilitiesAssumedIntangibleAssetsOtherThanGoodwill,CapitalExpendituresIncurredButNotYetPaid,Cash,CashAndCashEquivalentsAtCarryingValue,CashAndCashEquivalentsPeriodIncreaseDecrease,CashCashEquivalentsRestrictedCashAndRestrictedCashEquivalents,CashCashEquivalentsRestrictedCashAndRestrictedCashEquivalentsPeriodIncreaseDecreaseExcludingExchangeRateEffect,CashCashEquivalentsRestrictedCashAndRestrictedCashEquivalentsPeriodIncreaseDecreaseIncludingExchangeRateEffect,CashFDICInsuredAmount,CommonStockParOrStatedValuePerShare,CommonStockSharesAuthorized,CommonStockSharesIssued,CommonStockSharesOutstanding,CommonStockValue,ComprehensiveIncomeNetOfTax,ContractWithCustomerLiabilityCurrent,ConversionOfStockAmountConverted1,CostOfRevenue,DeferredCostsCurrent,DeferredIncomeTaxExpenseBenefit,DeferredOfferingCosts,DeferredRentCreditNoncurrent,DepositLiabilityCurrent,DepreciationDepletionAndAmortization,DividendsCommonStock,DueToRelatedPartiesCurrent,EarningsPerShareBasic,EarningsPerShareBasicAndDiluted,EarningsPerShareDiluted,EffectiveIncomeTaxRateContinuingOperations,EffectOfExchangeRateOnCashAndCashEquivalents,EmployeeServiceShareBasedCompensationAllocationOfRecognizedPeriodCostsCapitalizedAmount,EmployeeServiceShareBasedCompensationTaxBenefitFromExerciseOfStockOptions,FairValueAdjustmentOfWarrants,FairValueMeasurementWithUnobservableInputsReconciliationRecurringBasisLiabilityGainLossIncludedInEarnings,FairValueMeasurementWithUnobservableInputsReconciliationRecurringBasisLiabilityIssues,FairValueMeasurementWithUnobservableInputsReconciliationRecurringBasisLiabilityPeriodIncreaseDecrease,FairValueMeasurementWithUnobservableInputsReconciliationRecurringBasisLiabilitySettlements,FairValueMeasurementWithUnobservableInputsReconciliationsRecurringBasisLiabilityValue,GeneralAndAdministrativeExpense,Goodwill,GrossProfit,ImpairmentOfInvestments,IncomeLossFromContinuingOperationsBeforeIncomeTaxesExtraordinaryItemsNoncontrollingInterest,IncomeTaxExpenseBenefit,IncomeTaxesPaid,IncomeTaxReconciliationChangeInDeferredTaxAssetsValuationAllowance,IncreaseDecreaseInAccountsPayable,IncreaseDecreaseInAccruedLiabilities,IncreaseDecreaseInContractWithCustomerLiability,IncreaseDecreaseInDueToRelatedParties,IncreaseDecreaseInInventories,IncreaseDecreaseInOtherNoncurrentAssets,IncreaseDecreaseInOtherNoncurrentLiabilities,IncreaseDecreaseInPrepaidDeferredExpenseAndOtherAssets,IncreaseDecreaseInPrepaidExpense,IntangibleAssetsNetExcludingGoodwill,InterestExpense,InterestPaidNet,InventoryFinishedGoodsNetOfReserves,InventoryNet,InventoryRawMaterialsNetOfReserves,InventoryWriteDown,InvestmentIncomeInterest,LeaseAndRentalExpense,Liabilities,LiabilitiesAndStockholdersEquity,LiabilitiesCurrent,LiabilitiesFairValueAdjustment,MarketingExpense,NetCashProvidedByUsedInFinancingActivities,NetCashProvidedByUsedInInvestingActivities,NetCashProvidedByUsedInOperatingActivities,NetIncomeLoss,NonoperatingIncomeExpense,NotesPayableRelatedPartiesClassifiedCurrent,NumberOfBusinessesAcquired,OperatingExpenses,OperatingIncomeLoss,OperatingLeasesFutureMinimumPaymentsDue,OperatingLeasesFutureMinimumPaymentsDueInFiveYears,OperatingLeasesFutureMinimumPaymentsDueInFourYears,OperatingLeasesFutureMinimumPaymentsDueInThreeYears,OperatingLeasesFutureMinimumPaymentsDueInTwoYears,OperatingLeasesFutureMinimumPaymentsRemainderOfFiscalYear,OtherAccruedLiabilitiesCurrent,OtherAssetsCurrent,OtherAssetsNoncurrent,OtherComprehensiveIncomeLossNetOfTaxPortionAttributableToParent,OtherLiabilitiesNoncurrent,OtherNoncashIncomeExpense,OtherNonoperatingIncomeExpense,PaymentsForRepurchaseOfCommonStock,PaymentsForSoftware,PaymentsOfStockIssuanceCosts,PaymentsRelatedToTaxWithholdingForShareBasedCompensation,PaymentsToAcquireAvailableForSaleSecuritiesDebt,PaymentsToAcquireBusinessesNetOfCashAcquired,PaymentsToAcquireOtherProductiveAssets,PaymentsToAcquireRestrictedInvestments,PreferredStockParOrStatedValuePerShare,PreferredStockSharesAuthorized,PreferredStockSharesIssued,PreferredStockSharesOutstanding,PrepaidExpenseAndOtherAssetsCurrent,PrepaidExpenseCurrent,ProceedsFromIssuanceOfPrivatePlacement,ProceedsFromIssuanceOfRedeemableConvertiblePreferredStock,ProceedsFromMaturitiesPrepaymentsAndCallsOfAvailableForSaleSecurities,ProceedsFromRelatedPartyDebt,ProceedsFromRepaymentsOfRelatedPartyDebt,ProceedsFromSaleOfAvailableForSaleSecuritiesDebt,ProceedsFromSaleOfRestrictedInvestments,ProceedsFromWarrantExercises,PurchaseObligation,RecapitalizationCosts,RedeemableNoncontrollingInterestEquityCommonCarryingAmount,RelatedPartyTransactionExpensesFromTransactionsWithRelatedParty,RepaymentsOfDebt,RepaymentsOfRelatedPartyDebt,RestrictedCashNoncurrent,RetainedEarningsAccumulatedDeficit,RevenueFromContractWithCustomerExcludingAssessedTax,SellingGeneralAndAdministrativeExpense,ShareBasedCompensation,ShareBasedCompensationArrangementByShareBasedPaymentAwardOptionsExercisesInPeriodTotalIntrinsicValue,ShareBasedCompensationArrangementByShareBasedPaymentAwardOptionsGrantsInPeriodWeightedAverageGrantDateFairValue,ShareBasedCompensationSharesAuthorizedUnderStockOptionPlansExercisePriceRangeNumberOfExercisableOptions,ShareBasedCompensationSharesAuthorizedUnderStockOptionPlansExercisePriceRangeNumberOfOutstandingOptions,StockholdersEquity,StockIssued1,StockIssuedDuringPeriodValueAcquisitions,StockIssuedDuringPeriodValueConversionOfConvertibleSecurities,StockIssuedDuringPeriodValueNewIssues,StockIssuedDuringPeriodValueStockOptionsExercised,StockRepurchasedDuringPeriodValue,TaxesPayableCurrent,TemporaryEquityCarryingAmountAttributableToParent,TemporaryEquityIssuePeriodIncreaseOrDecrease,TemporaryEquityLiquidationPreference,TemporaryEquityParOrStatedValuePerShare,TemporaryEquityRedemptionPricePerShare,TemporaryEquitySharesAuthorized,TemporaryEquitySharesIssued,TemporaryEquitySharesOutstanding,WarrantsAndRightsOutstanding,WeightedAverageNumberOfDilutedSharesOutstanding,WeightedAverageNumberOfShareOutstandingBasicAndDiluted,WeightedAverageNumberOfSharesOutstandingBasic,AdvertisingExpense,CurrentFederalTaxExpenseBenefit,CurrentForeignTaxExpenseBenefit,CurrentIncomeTaxExpenseBenefit,CurrentStateAndLocalTaxExpenseBenefit,DebtCurrent,DeferredFederalIncomeTaxExpenseBenefit,DeferredForeignIncomeTaxExpenseBenefit,DeferredIncomeTaxLiabilities,DeferredStateAndLocalIncomeTaxExpenseBenefit,DeferredTaxAssetsDeferredIncome,DeferredTaxAssetsGoodwillAndIntangibleAssets,DeferredTaxAssetsGross,DeferredTaxAssetsInventory,DeferredTaxAssetsLiabilitiesNet,DeferredTaxAssetsNet,DeferredTaxAssetsOperatingLossCarryforwards,DeferredTaxAssetsOther,DeferredTaxAssetsTaxDeferredExpenseCompensationAndBenefitsShareBasedCompensationCost,DeferredTaxAssetsTaxDeferredExpenseReservesAndAccruals,DeferredTaxAssetsValuationAllowance,DeferredTaxLiabilitiesOther,DeferredTaxLiabilitiesPropertyPlantAndEquipment,FiniteLivedIntangibleAssetsAmortizationExpenseNextTwelveMonths,FiniteLivedIntangibleAssetsAmortizationExpenseYearFour,FiniteLivedIntangibleAssetsAmortizationExpenseYearThree,FiniteLivedIntangibleAssetsAmortizationExpenseYearTwo,FiniteLivedIntangibleAssetsNet,GainLossOnContractTermination,IncomeLossFromContinuingOperationsBeforeIncomeTaxesDomestic,IncomeLossFromContinuingOperationsBeforeIncomeTaxesForeign,IncomeTaxReconciliationIncomeTaxExpenseBenefitAtFederalStatutoryIncomeTaxRate,IncomeTaxReconciliationNondeductibleExpenseShareBasedCompensationCost,IncomeTaxReconciliationOtherReconcilingItems,IncomeTaxReconciliationStateAndLocalIncomeTaxes,InventoryWorkInProcessNetOfReserves,LesseeOperatingLeaseLiabilityPaymentsDue,LesseeOperatingLeaseLiabilityPaymentsDueNextTwelveMonths,LesseeOperatingLeaseLiabilityPaymentsDueYearFive,LesseeOperatingLeaseLiabilityPaymentsDueYearFour,LesseeOperatingLeaseLiabilityPaymentsDueYearThree,LesseeOperatingLeaseLiabilityPaymentsDueYearTwo,LineOfCreditFacilityAverageOutstandingAmount,OtherThanTemporaryImpairmentLossDebtSecuritiesAvailableForSale,PaymentsOfDebtIssuanceCosts,ProceedsFromIssuanceOfDebt,ShareBasedCompensationArrangementByShareBasedPaymentAwardEquityInstrumentsOtherThanOptionsGrantsInPeriod,ShareBasedCompensationArrangementByShareBasedPaymentAwardEquityInstrumentsOtherThanOptionsGrantsInPeriodWeightedAverageGrantDateFairValue,ShareBasedCompensationArrangementByShareBasedPaymentAwardEquityInstrumentsOtherThanOptionsNonvestedNumber,ShareBasedCompensationArrangementByShareBasedPaymentAwardEquityInstrumentsOtherThanOptionsNonvestedWeightedAverageGrantDateFairValue,ShareBasedCompensationArrangementByShareBasedPaymentAwardEquityInstrumentsOtherThanOptionsVestedInPeriod,ShareBasedCompensationArrangementByShareBasedPaymentAwardEquityInstrumentsOtherThanOptionsVestedInPeriodWeightedAverageGrantDateFairValue,ShareBasedCompensationArrangementByShareBasedPaymentAwardFairValueAssumptionsExpectedDividendRate,ShareBasedCompensationArrangementByShareBasedPaymentAwardOptionsExercisableNumber,ShareBasedCompensationArrangementByShareBasedPaymentAwardOptionsExercisableWeightedAverageExercisePrice,ShareBasedCompensationArrangementByShareBasedPaymentAwardOptionsForfeituresAndExpirationsInPeriod,ShareBasedCompensationArrangementByShareBasedPaymentAwardOptionsForfeituresAndExpirationsInPeriodWeightedAverageExercisePrice,ShareBasedCompensationArrangementByShareBasedPaymentAwardOptionsGrantsInPeriodGross,ShareBasedCompensationArrangementByShareBasedPaymentAwardOptionsOutstandingIntrinsicValue,ShareBasedCompensationArrangementByShareBasedPaymentAwardOptionsOutstandingNumber,ShareBasedCompensationArrangementByShareBasedPaymentAwardOptionsOutstandingWeightedAverageExercisePrice,ShareBasedCompensationArrangementByShareBasedPaymentAwardOptionsVestedAndExpectedToVestOutstandingAggregateIntrinsicValue,ShareBasedCompensationArrangementByShareBasedPaymentAwardOptionsVestedAndExpectedToVestOutstandingNumber,ShareBasedCompensationArrangementByShareBasedPaymentAwardOptionsVestedAndExpectedToVestOutstandingWeightedAverageExercisePrice,ShareBasedCompensationArrangementsByShareBasedPaymentAwardOptionsGrantsInPeriodWeightedAverageExercisePrice,SharebasedCompensationArrangementBySharebasedPaymentAwardOptionsExercisableIntrinsicValue1,StockRepurchasedDuringPeriodShares,ValuationAllowanceDeferredTaxAssetChangeInAmount,AccountsReceivableNetCurrent,AllowanceForDoubtfulAccountsReceivableCurrent,AllowanceForDoubtfulAccountsReceivableWriteOffs,AmortizationOfIntangibleAssets,CapitalizedComputerSoftwareNet,DeferredTaxAssetsOperatingLossCarryforwardsDomestic,DeferredTaxAssetsOperatingLossCarryforwardsForeign,DeferredTaxAssetsOperatingLossCarryforwardsStateAndLocal,DeferredTaxLiabilities,DeferredTaxLiabilitiesGoodwillAndIntangibleAssetsIntangibleAssets,DeferredTaxLiabilitiesLeasingArrangements,DefinedContributionPlanCostRecognized,DefinedContributionPlanEmployerMatchingContributionPercentOfMatch,DefinedContributionPlanMaximumAnnualContributionsPerEmployeeAmount,EmployeeRelatedLiabilitiesCurrent,FiniteLivedIntangibleAssetsAccumulatedAmortization,FiniteLivedIntangibleAssetsGross,GoodwillAcquiredDuringPeriod,GoodwillImpairmentLoss,IncomeTaxReconciliationOtherAdjustments,IncreaseDecreaseInOperatingLeaseLiability,LesseeOperatingLeaseLiabilityUndiscountedExcessAmount,NoncashMergerRelatedCosts,NumberOfReportingUnits,OperatingLeaseCost,OperatingLeaseLiability,OperatingLeaseLiabilityCurrent,OperatingLeaseLiabilityNoncurrent,OperatingLeasePayments,OperatingLeaseRightOfUseAsset,OperatingLeasesFutureMinimumPaymentsDueCurrent,OperatingLeaseWeightedAverageDiscountRatePercent,ProceedsFromIssuanceOfLongTermDebt,PropertyPlantAndEquipmentNet,PurchaseObligationDueInNextTwelveMonths,PurchaseObligationDueInSecondYear,RepaymentsOfLongTermDebt,RightOfUseAssetObtainedInExchangeForOperatingLeaseLiability,SharePrice,VariableLeaseCost
2019-06-30,2019-08-29,10-Q,"HIMS & HERS HEALTH, INC.",HIMS,CIK0001773751,USD,21979.0,,449066.0,,,,24497.0,,,,,,,,536322.0,,,,,,,,,,,,,,0.0,0.0,,,,,0.0001,494968750.0,0.0,0.0,,,,,,,,536322.0,,,,,56883.0,,0.0,,,,,,,,,,,,16606.0,,,,,,,,4392.0,12214.0,,,,,,,,,,,,,,,,,,536322.0,527928.0,,,,,0.0,-16606.0,,,,,-16606.0,,,,,,,,,,,,,,,,,,,,,,,0.0,,,,,,,,,,,,,,,,,,,,-16606.0,,,,,,,,8394.0,,,,25000.0,,,,,,,,,,,,,,5031250.0,,,,,,,,,,,,,,,,,,,,,,,,,,,,,,,,,,,,,,,,,,,,,,,,,,,,,,,,,,,,,,,,,,,,,,,,,,,,,,,,,,,,,,,,,,,,,,,,,,,,,,,,,,,,,
2019-09-30,2019-11-12,10-Q,"HIMS & HERS HEALTH, INC.",HIMS,CIK0001773751,USD,475612.0,,474696.0,,,,4579960.0,,,11855223.0,6025000.0,,,,204094833.0,1958850.0,202135983.0,,,,,,,,,,,1800000.0,1781500.0,,,,,,,,,,,,,,,,,,,,,,,,,,,,,,,,,,,,449938.0,,,,,,,,,,,,,,,,,,,,,,,,885983.0,,8230617.0,204094833.0,1036867.0,,,,,,436045.0,885983.0,61720.0,,,-449938.0,,,,,,,,,,,,,,,,,,,,,,0.0001,1000000.0,0.0,0.0,,177350.0,,,,,,,,,,,190864210.0,,,,,419439.0,,,,,,,,5000006.0,,,,,,,,,-190864210.0,,,,,,,,,,,,,,,,,,,,,,,,,,,,,,,,,,,,,,,,,,,,,,,,,,,,,,,,,,,,,,,,,,,,,,,,,,,,,,,,,,,,,,,,,,,,,,,,,,,,,,,,,,,,,,,,,,,,,,
2019-12-31,2020-03-27,10-K,"HIMS & HERS HEALTH, INC.",HIMS,CIK0001773751,USD,7231000.0,200000.0,2026000.0,600000.0,,2000.0,13378000.0,,8028000.0,,61000.0,8028000.0,70000.0,,72070000.0,69607000.0,203107342.0,9000.0,0.0,37712000.0,37721000.0,37721000.0,,,,,,1500000.0,22647000.0,,22797000.0,,-18853000.0,250000.0,,,,,5000.0,-72060000.0,753000.0,0.0,37953000.0,0.0,0.0,,0.0,0.0,260000.0,0.0,427503.0,-2.07,,-2.07,,-5000.0,0.0,,-951000.0,,,,,,,,44605000.0,0.0,-71974000.0,90000.0,139000.0,16560000.0,-6075000.0,-276000.0,212000.0,,522000.0,755000.0,0.0,2436000.0,,,369000.0,361000.0,3936000.0,4217000.0,196000.0,1400000.0,,1500000.0,20622000.0,72070000.0,20622000.0,951000.0,63156000.0,95318000.0,-39299000.0,-74867000.0,-72064000.0,2440000.0,,,119019000.0,-74414000.0,,,,,,,433000.0,480000.0,2313000.0,4000.0,,158000.0,1858000.0,0.0,1479000.0,0.0,0.0,42012000.0,0.0,308000.0,,0.0001,1000000.0,0.0,0.0,5022000.0,1946000.0,0.0,102566000.0,4500000.0,,0.0,0.0,,0.0,,0.0,191592030.0,,9051000.0,,150000.0,-153178000.0,82558000.0,55863000.0,8028000.0,300000.0,1.1,,,-139793000.0,,,,,23000.0,,597000.0,191241000.0,,206138000.0,,,87366518.0,84514191.0,84514191.0,,34758817.0,,34758817.0,51600000.0,0.0,0.0,90000.0,90000.0,1515000.0,0.0,0.0,529000.0,0.0,0.0,0.0,41025000.0,315000.0,0.0,529000.0,39990000.0,274000.0,283000.0,163000.0,40496000.0,208000.0,321000.0,,,,,,,-71644000.0,-330000.0,-15115000.0,1471000.0,-136000.0,-2690000.0,85000.0,,,,,,,,0.0,377000.0,2136000.0,,,0.0,0.0,,,,,,,,,,11565.0,0.91,,,,,,7138.0,17400000.0,,,0.0,100000.0,,,,,,,,,,,,,,,,-136000.0,0.0,,0.0,,,,,,,,,,2136000.0,,,,9051000.0,,,
2020-03-31,2020-05-14,10-Q,"HIMS & HERS HEALTH, INC.",HIMS,CIK0001773751,USD,74554.0,,558617.0,,,,2518131.0,,1404000.0,100000.0,,1404000.0,84000.0,,206287199.0,1599052.0,204688147.0,,,,,,,,,,,1500000.0,1481702.0,,55165000.0,-28639.0,32368000.0,,,,,,,-6075000.0,,0.0,9444000.0,,,,,,180000.0,0.0,449378.0,-0.17,,-0.17,-0.006,-9000.0,,,-71000.0,,,,,,246783.0,,20619000.0,0.0,-5998000.0,35000.0,69000.0,,674000.0,199000.0,126000.0,21875.0,2000000.0,-733000.0,,471000.0,-30150.0,,10000.0,8000.0,,,,100000.0,1580805.0,700000.0,8361138.0,206287199.0,1167388.0,,12773000.0,30335000.0,7233000.0,-5191000.0,-6033000.0,230000.0,,,26837000.0,-6218000.0,,,,,,,,,,-42000.0,,16000.0,,0.0,452000.0,100000.0,,17642000.0,,273000.0,,0.0001,1000000.0,0.0,0.0,,117350.0,0.0,31600000.0,19200000.0,0.0,,6400000.0,,0.0,,0.0,192926060.0,,1158000.0,,,2481284.0,30063000.0,14064000.0,1404000.0,,,,,-139953000.0,4500000.0,,4500000.0,,,,,,-1334030.0,,,,,,,,34610061.0,,34610061.0,,,,,,,,,,,,,,,,,,,,,,,,,,,,,,,,,,,,,,,,,,,,,,,,,,,,,,,,,,,,,,,,,,,,,,,,,,,,,,,,,,,,,,,,,,,,,,,,,,,,,,,,,,,,
2020-06-30,2020-08-13,10-Q,"HIMS & HERS HEALTH, INC.",HIMS,CIK0001773751,USD,21656.0,,535852.0,,,,2604910.0,,1925000.0,2500000.0,,1925000.0,,,206200737.0,1475732.0,204725005.0,,,,,,,,,,,1400000.0,1385532.0,,46652000.0,,,,,,,,,-957000.0,,,10242000.0,,,,,,,0.0,495355.0,-0.03,,-0.03,-0.038,,0.0,,,,,,,,123634.0,,25662000.0,,-944000.0,37000.0,,,,,,,,,,,,,0.0,,,,,,36858.0,700000.0,8361452.0,206200737.0,1167702.0,,11800000.0,,,,-981000.0,35000.0,,,26641000.0,-979000.0,,,,,,,,,,24000.0,,,56000.0,,,,,,,,,0.0001,1000000.0,0.0,0.0,,90200.0,,,,,,,,,,,192839280.0,,,,,2394508.0,35904000.0,14841000.0,,,,,,-138949000.0,,,,,27000.0,,,,86780.0,,,,,,,,35331373.0,,35331373.0,,,,,,,,,,,,,,,,,,,,,,,,,,,,,,,,,,,,,,,,,,,,,,,,,,,,,,,,,,,,,,,,,,,,,,,,,,,,,,,,,,,,,,,,,,,,,,,,,,,,,,,,,,,,
2020-09-30,2020-11-13,10-Q,"HIMS & HERS HEALTH, INC.",HIMS,CIK0001773751,USD,24713.0,,2579005.0,,,,4861657.0,,1414000.0,,,1414000.0,,,205813988.0,1332751.0,204481237.0,,,,,,,,,,,1300000.0,1257601.0,,37406000.0,,,250000.0,,,,,,-5865000.0,,,10047000.0,,,,,,,0.0,404007.0,-0.16,,-0.16,-0.005,,0.0,,,,,,,,2338004.0,,31277000.0,,-5840000.0,31000.0,,,,,,,,,,,,,0.0,,,,,,,300000.0,10231475.0,205813988.0,3037725.0,,15102000.0,,,,-5871000.0,-2519000.0,,,34598000.0,-3321000.0,,,,,,,,,,6000.0,,,8000.0,,,,,,,,,0.0001,1000000.0,0.0,0.0,,75150.0,,,,,,,,,,,190582510.0,,,115000.0,,137736.0,41324000.0,19496000.0,,,,,,-143341000.0,,,,,44000.0,,,,2256770.0,,,,,,,,35614598.0,,35614598.0,,,,,,,,,,,,,,,,,,,,,,,,,,,,,,,,,,,,,,,,,,,,,,,,,,,,,,,,,,,,,,,,,,,,,,,,,,,,,,,,,,,,,,,,,,,,,,,,,,,,,,,,,,,,
2020-12-31,2021-03-22,10-K,"HIMS & HERS HEALTH, INC.",HIMS,CIK0001773751,USD,8066000.0,-325000.0,4984000.0,1122000.0,1241000.0,-11000.0,24424000.0,24424000.0,5831000.0,,,5831000.0,322000.0,0.0,118697000.0,113084000.0,204525055.0,7000.0,2000.0,72859000.0,72864000.0,72864000.0,,0.0,0.0,,,1100000.0,27344000.0,,28350000.0,-452074.0,5553000.0,250000.0,,,,,5000.0,-18127000.0,1272000.0,0.0,39307000.0,3929000.0,0.0,,381000.0,664000.0,1057000.0,0.0,598833.0,-0.51,,-0.51,,-9000.0,0.0,,3101000.0,,,,,906000.0,4791727.0,0.0,109450000.0,0.0,-17987000.0,127000.0,221000.0,3948000.0,826000.0,2423000.0,519000.0,171330.0,-674000.0,-8000.0,381000.0,645000.0,-97400.0,59000.0,10000.0,10000.0,2856000.0,3543000.0,687000.0,200000.0,3000000.0,2100000.0,15609000.0,118697000.0,15228000.0,-3101000.0,58989000.0,47742000.0,-39701000.0,-2479000.0,-18114000.0,-2843000.0,,,124594000.0,-15144000.0,7430000.0,1114000.0,1638000.0,1598000.0,1559000.0,,212000.0,1963000.0,4548000.0,-13000.0,381000.0,-59000.0,268000.0,0.0,2496000.0,3356000.0,0.0,95008000.0,0.0,1737000.0,,0.0001,1000000.0,0.0,0.0,5404000.0,2691000.0,0.0,51900000.0,47990000.0,,0.0,11550000.0,325000.0,561000.0,800000.0,0.0,188543020.0,,1515000.0,,1006000.0,-171292000.0,148757000.0,65605000.0,5831000.0,700000.0,3.49,11393000.0,11985000.0,-146874000.0,,,4500000.0,,123000.0,,651000.0,249962000.0,3049010.0,268452000.0,0.0001,,95997674.0,93328118.0,93328118.0,0.0,35353809.0,,35353809.0,44000000.0,0.0,0.0,127000.0,127000.0,0.0,0.0,0.0,1240000.0,0.0,33000.0,52000.0,45816000.0,211000.0,0.0,1240000.0,44342000.0,378000.0,732000.0,68000.0,44576000.0,34000.0,1206000.0,1157000.0,128000.0,586000.0,1052000.0,2941000.0,1400000.0,-16934000.0,-1053000.0,-3777000.0,698000.0,25000.0,-364000.0,0.0,7430000.0,1521000.0,1114000.0,1638000.0,1598000.0,1559000.0,0.0,0.0,0.0,0.0,1545.0,11.24,1531.0,11.26,0.0,0.0,0.0,11393.0,2.57,992.0,1.75,5117.0,131770000.0,11985.0,2.57,56952000.0,4583.0,1.13,4.66,125347000.0,85594.0,4100000.0,1100000.0,0.0,0.0,100000.0,2800000.0,,,,0.0,0.0,0.0,,,,919000.0,,,,,25000.0,0.0,,0.0,,,,0.0,0.0,,0.0,1521000.0,,0.0,1700000.0,,,1515000.0,,,
2021-03-31,2021-05-17,10-Q,"HIMS & HERS HEALTH, INC.",HIMS,CIK0001773751,USD,13233000.0,,5823000.0,1514000.0,1480000.0,-72000.0,,515216000.0,34230000.0,16200000.0,,34230000.0,144000.0,,345900000.0,340196000.0,,3000.0,62000.0,235156000.0,235097000.0,235097000.0,,,,,,,88169000.0,,89025000.0,,60675000.0,,,,,,18000.0,-51465000.0,624000.0,249837000.0,12067000.0,0.0,,,384000.0,0.0,394000.0,0.0,,-0.34,,-0.34,-0.002,2000.0,,0.0,2681000.0,2681000.0,51814000.0,300000.0,-20871000.0,33370000.0,,,40247000.0,0.0,-51314000.0,90000.0,59000.0,,5117000.0,1114000.0,-648000.0,,980000.0,58000.0,,7147000.0,,,0.0,0.0,3546000.0,4523000.0,977000.0,100000.0,,400000.0,53434000.0,345900000.0,19680000.0,,26958000.0,239945000.0,-163324000.0,-15948000.0,-51404000.0,-2905000.0,,,88656000.0,-48409000.0,7055000.0,1114000.0,1638000.0,1598000.0,1559000.0,1146000.0,850000.0,5000.0,4848000.0,-61000.0,,-452000.0,,22027000.0,740000.0,12794000.0,,172021000.0,,63000.0,,,,,,12407000.0,8650000.0,75000000.0,0.0,9500000.0,1193000.0,,0.0,,807000.0,1000000.0,125000.0,,,0.0,,856000.0,-222696000.0,52314000.0,61698000.0,34230000.0,2000000.0,7.34,11165000.0,11968000.0,292466000.0,0.0,,249837000.0,,80000.0,21902000.0,729000.0,0.0,,0.0,0.0001,,275000000.0,0.0,0.0,33370000.0,153080538.0,,153080538.0,,,,,,,,,,,,,,,,,,,,,,,,,,,,,,,,,,,,,,,,,,,,,,,,,,,,,,,,,,,,,,,,,,,,,,,,,,,,,,,,,,,,,,,,,,,,,,,,,,,,,,,,,,,,
2021-06-30,2021-08-11,10-Q,"HIMS & HERS HEALTH, INC.",HIMS,CIK0001773751,USD,15564000.0,,10761000.0,2543000.0,2198000.0,-40000.0,,524924000.0,9491000.0,2500000.0,,9160000.0,,,347699000.0,336342000.0,,5000.0,10000.0,210183000.0,210178000.0,210178000.0,0.0,,,,,,107145000.0,,108001000.0,,,,,,,,19000.0,-9121000.0,1019000.0,,13415000.0,0.0,,,,0.0,,0.0,,-0.05,,-0.05,-0.004,,300000.0,,,,,,,25406000.0,,2739000.0,47277000.0,,-9119000.0,34000.0,,,,,,,,,,,,,0.0,,5387000.0,6590000.0,1203000.0,,,400000.0,54645000.0,347699000.0,27344000.0,,27944000.0,,,,-9153000.0,8288000.0,,,64684000.0,-17407000.0,6677000.0,1114000.0,1638000.0,1598000.0,1559000.0,768000.0,1213000.0,21000.0,7762000.0,32000.0,1895000.0,,325000.0,,,,,,,,,,,,,12429000.0,9856000.0,,,,,,,,,2100000.0,,,,,,856000.0,-231849000.0,60692000.0,36740000.0,,,,10798000.0,12032000.0,293054000.0,,1949000.0,,,178000.0,,641000.0,0.0,,0.0,0.0001,,275000000.0,0.0,0.0,25406000.0,191922517.0,,191922517.0,,,,,,,,,,,,,,,,,,,,,,,,,,,,,,,,,,,,,,,,,,,,,,,,,,,,,,,,,,,,,,,,,,,,,,,,,,,,,,,,,,,,,,,,,,,,,,,,,,,,,,,,,,,,
2021-09-30,2021-11-10,10-Q,"HIMS & HERS HEALTH, INC.",HIMS,CIK0001773751,USD,16094000.0,,11206000.0,4344000.0,866000.0,-52000.0,,602975000.0,10717000.0,,,11869000.0,,,420069000.0,274233000.0,,2000.0,13000.0,187664000.0,187653000.0,187653000.0,,23205000.0,11200000.0,,,,64772000.0,,65628000.0,,,,,,,,20000.0,-15953000.0,1993000.0,,19301000.0,0.0,,,,0.0,,0.0,,-0.08,,-0.08,0.166,,200000.0,,,,,,,,,110881000.0,54872000.0,,-19114000.0,-3173000.0,,3100000.0,,,,,,,,,,26932000.0,0.0,,9230000.0,10858000.0,1628000.0,,,300000.0,64916000.0,420069000.0,52498000.0,,38293000.0,,,,-15941000.0,8547000.0,,,82533000.0,-27661000.0,6293000.0,1114000.0,1638000.0,1598000.0,1559000.0,384000.0,2140000.0,716000.0,7167000.0,-12000.0,1218000.0,,219000.0,,,,,,,,,,,,,10950000.0,8910000.0,,,,,,,,,2100000.0,,,,,,856000.0,-247790000.0,74173000.0,44240000.0,,,,10346000.0,11703000.0,355153000.0,,50665000.0,,,313000.0,,755000.0,0.0,,0.0,0.0001,,275000000.0,0.0,0.0,,200038761.0,,200038761.0,,,,,,,,,,,,,,,,,,,,,,,,,,,,,,,,,,,,,,,,,,,,,,,,,,,,,,,,,,,,,,,,,,,,,,,,,,,,,,,,,,,,,,,,,,,,,,,,,,,,,,,,,,,,
2021-12-31,2022-02-24,10-K,"HIMS & HERS HEALTH, INC.",HIMS,CIK0001773751,USD,19640000.0,-2166000.0,12194000.0,3158000.0,734000.0,-137000.0,,613687000.0,67767000.0,18700000.0,,67211000.0,144000.0,,420585000.0,269905000.0,,0.0,49000.0,175539000.0,175490000.0,175490000.0,,42834000.0,1999000.0,,,,71784000.0,,72640000.0,,44290000.0,,,,,,20000.0,-107785000.0,3188000.0,249837000.0,67384000.0,0.0,-3388000.0,,,,4075000.0,0.0,,-0.58,,-0.58,,-73000.0,700000.0,,,,,,,,,110881000.0,204494000.0,,-110795000.0,-3136000.0,338000.0,15971000.0,9853000.0,197000.0,1412000.0,,9628000.0,58000.0,0.0,-3200000.0,,25890000.0,0.0,0.0,10428000.0,13558000.0,3130000.0,,,,85966000.0,420585000.0,79221000.0,3802000.0,135902000.0,235043000.0,-156268000.0,-34412000.0,-107659000.0,4247000.0,,2.0,319536000.0,-115042000.0,,,,,,,1350000.0,890000.0,7942000.0,-126000.0,629000.0,-540000.0,445000.0,22027000.0,4175000.0,12851000.0,5998000.0,266633000.0,46468000.0,832000.0,,,,,,9073000.0,4606000.0,75000000.0,0.0,158375000.0,,1193000.0,3465000.0,,787000.0,2900000.0,125000.0,,,,,856000.0,-278951000.0,271878000.0,183634000.0,67211000.0,12600000.0,6.51,8974000.0,10401000.0,334619000.0,,52614000.0,249837000.0,75000000.0,1259000.0,21902000.0,954000.0,0.0,,0.0,0.0001,,275000000.0,0.0,0.0,,186781537.0,,186781537.0,,0.0,0.0,252000.0,252000.0,,-2280000.0,-142000.0,10476000.0,-966000.0,,49000.0,71175000.0,2214000.0,,9847000.0,61640000.0,456000.0,4130000.0,1245000.0,61328000.0,112000.0,2088000.0,4166000.0,2672000.0,2801000.0,3542000.0,25890000.0,,-109393000.0,-1402000.0,-23267000.0,2018000.0,,-3498000.0,,5909000.0,1559000.0,,1114000.0,1638000.0,1598000.0,,,0.0,,,,,,,,,,,,,,,,,,,,,,,16800000.0,4100000.0,0.0,0.0,2100000.0,5700000.0,225500000.0,3700000.0,180300000.0,629000.0,6933000.0,1343000.0,700000.0,0.5,3000.0,3363000.0,2126000.0,28016000.0,110900000.0,0.0,-1002000.0,-1521000.0,427000.0,1182000.0,1.0,1800000.0,5482000.0,1365000.0,4117000.0,1521000.0,5111000.0,,0.04,0.0,2200000.0,1800000.0,1100000.0,0.0,6756000.0,16.38,300000.0
