end,filed,form,Name,Ticker,CIK,Currency,AccountsPayableOtherCurrentAndNoncurrent,AccountsReceivableRelatedParties,AccruedFeesAndOtherRevenueReceivable,AccruedProfessionalFeesCurrentAndNoncurrent,AssetManagementCosts,Assets,Cash,CashAndCashEquivalentsAtCarryingValue,CashAndCashEquivalentsPeriodIncreaseDecrease,CashCashEquivalentsRestrictedCashAndRestrictedCashEquivalents,CashCashEquivalentsRestrictedCashAndRestrictedCashEquivalentsPeriodIncreaseDecreaseExcludingExchangeRateEffect,CashCashEquivalentsRestrictedCashAndRestrictedCashEquivalentsPeriodIncreaseDecreaseIncludingExchangeRateEffect,CommissionsPayableToBrokerDealersAndClearingOrganizations,CustodyFees,DebtInstrumentCollateralAmount,DebtSecuritiesTradingRealizedGainLoss,Deposits,DepositsMoneyMarketDeposits,DividendIncomeOperating,DividendsReceivable,DueFromRelatedParties,DueToCorrespondentBrokers,DueToOfficersOrStockholdersCurrentAndNoncurrent,DueToRelatedPartiesCurrentAndNoncurrent,FloorBrokerageExchangeAndClearanceFees,GainLossOnSaleOfInvestments,GeneralPartnersCapitalAccount,IncreaseDecreaseDueFromOfficersAndStockholders,IncreaseDecreaseInAccountsAndOtherReceivables,IncreaseDecreaseInAccountsReceivableRelatedParties,IncreaseDecreaseInAccruedInterestReceivableNet,IncreaseDecreaseInAccruedLiabilities,IncreaseDecreaseInDividendsReceivable,IncreaseDecreaseInDueFromOfficersAndStockholdersCurrent,IncreaseDecreaseInDueToOfficersAndStockholders,IncreaseDecreaseInFinancialInstrumentsUsedInOperatingActivities,IncreaseDecreaseInInsuranceLiabilities,IncreaseDecreaseInOtherAccountsPayable,IncreaseDecreaseInOtherOperatingAssets,IncreaseDecreaseInOtherOperatingLiabilities,IncreaseDecreaseInPayablesToBrokerDealers,IncreaseDecreaseInPrepaidExpense,IncreaseDecreaseInPrepaidInsurance,IncreaseDecreaseInTradingLiabilities,InterestIncomeOperating,InterestReceivable,InvestmentCompanyRegistrationExpense,InvestmentOwnedUnderlyingFaceAmountAtMarketValue,InvestmentsFairValueDisclosure,LegalFees,Liabilities,LiabilitiesAndStockholdersEquity,LicenseCosts,LimitedPartnersCapitalAccount,LimitedPartnersCapitalAccountUnitsOutstanding,LitigationSettlementInterest,LossContingencyDamagesAwardedValue,LossContingencyDamagesPaidValue,ManagementFeeExpense,ManagementFeePayable,NetCashProvidedByUsedInFinancingActivities,NetCashProvidedByUsedInFinancingActivitiesContinuingOperations,NetCashProvidedByUsedInOperatingActivities,NetCashProvidedByUsedInOperatingActivitiesContinuingOperations,NetIncomeLoss,NetIncomeLossNetOfTaxPerOutstandingLimitedPartnershipUnitDiluted,NetIncomeLossPerOutstandingLimitedPartnershipUnit,NetIncomeLossPerOutstandingLimitedPartnershipUnitBasicNetOfTax,NetIncomeLossPerOutstandingLimitedPartnershipUnitDiluted,NoninterestExpenseDirectorsFees,NoninterestExpenseTransferAgentAndCustodianFees,OperatingExpenses,OtherAssets,OtherExpenses,OtherGeneralExpense,OtherIncome,OtherLiabilities,OtherPayablesToBrokerDealersAndClearingOrganizations,OtherReceivables,PartnersCapital,PartnersCapitalAccountContributions,PartnersCapitalAccountRedemptions,PartnersCapitalAccountUnitsContributed,PartnersCapitalAccountUnitsRedeemed,PrepaidInsurance,ProceedsFromPartnershipContribution,ProfessionalFees,RestrictedCashAndCashEquivalents,RestrictedCashAndCashEquivalentsAtCarryingValue,Revenues,TradingLiabilities,TradingSecuritiesRealizedGainLoss,UnrealizedGainLossOnDerivativesAndCommodityContracts,UnrealizedGainLossOnInvestments,WeightedAverageLimitedPartnershipUnitsOutstanding,DebtInstrumentInterestRateStatedPercentage
2008-12-31,2009-03-31,10-K,"United States 12Â Month Oil Fund, LP",USL,CIK0001405528,USD,,,,,,,,4012323.0,,,,,,,,,,,,,,,,,,,,,,,,,,,,,,,,,,,,,,,,,,,,,,,,,,,,,,,,,,,,,,,,,,,,,,,,6247578.0,,,,,,,,,,,,,,,,
2009-12-31,2010-03-16,10-K,"United States 12Â Month Oil Fund, LP",USL,CIK0001405528,USD,,,,,864557.0,,,141666539.0,137654216.0,,,,,,,,,,178949.0,,,,,,49573.0,49183430.0,,-97019.0,,,,,3876.0,,,-1584261.0,,,145723.0,,9882.0,,,,16665.0,,,,,107883.0,,,33993.0,,,,,,,,87890615.0,,49763601.0,,71385116.0,,9.13,,17.59,,,,,4770.0,,32000.0,,,,165523309.0,200837381.0,112946766.0,7000000.0,3100000.0,,200837381.0,524564.0,,,72967764.0,,,23556720.0,23556720.0,4058356.0,
2010-06-30,2010-08-09,10-Q,"United States 12Â Month Oil Fund, LP",USL,CIK0001405528,USD,,,,,232031.0,,,137463257.0,,,,,,,,,,,15373.0,,,,,,-1051.0,3647430.0,,,,,,,,,,,,,,,,,,,1147.0,,,,,,,,,,,,,,,,,,,,-16247750.0,,-4.31,,-4.14,,,,,34042.0,,2000.0,,,,,,,,,,,78418.0,,,-15904310.0,,,,-19570260.0,3921978.0,
2010-09-30,2010-11-09,10-Q,"United States 12Â Month Oil Fund, LP",USL,CIK0001405528,USD,,,,,228990.0,,,129597828.0,,,,,,,,,,,23287.0,,,,,,3981.0,-291690.0,,,,,,,,,,,,,,,,,,,386.0,,,,,,,,,,,,,,,,,,,,7583431.0,,1.79,,1.86,,,,,32561.0,,2000.0,,,,,,,,,,,,,,7848963.0,,,,8114980.0,4070652.0,
2010-12-31,2011-03-14,10-K,"United States 12Â Month Oil Fund, LP",USL,CIK0001405528,USD,,,,,931307.0,180723364.0,7540117.0,152952590.0,11286051.0,,,,6282.0,,,,,,65040.0,3904.0,4221132.0,,81666.0,,13314.0,17158730.0,,,,,,,-2315.0,,1168.0,4131166.0,,,-6662.0,,-4250.0,,,,3469.0,,,,,9540.0,520102.0,180723364.0,37079.0,180203262.0,4200000.0,,,,,,-545104.0,,11831155.0,,11003925.0,,2.54,,2.77,30284.0,,1299784.0,139061.0,5193.0,260000.0,12000.0,432154.0,,,180203262.0,39262000.0,35585972.0,1000000.0,900000.0,,35040868.0,273067.0,,,12303709.0,,,-4935530.0,-4935530.0,3975616.0,
2011-03-31,2011-05-10,10-Q,"United States 12Â Month Oil Fund, LP",USL,CIK0001405528,USD,,,,,326319.0,,,252256534.0,99303944.0,,,,,,,,,,12329.0,,,,,,12023.0,8133470.0,,,,,,,590.0,,,-11876572.0,,,,4829.0,1980.0,,,,996.0,,,,,,,,,,,,,,,,79777895.0,,19526049.0,,30392880.0,,5.59,,6.18,,,462485.0,,23059.0,,16000.0,,,,,,,,,,98271913.0,101084.0,,,30855365.0,,,22692570.0,22692570.0,4917778.0,
2011-06-30,2011-08-09,10-Q,"United States 12Â Month Oil Fund, LP",USL,CIK0001405528,USD,,,,,367540.0,215092373.0,25916482.0,187671322.0,,,,,7262.0,,,,,,5705.0,1465.0,,,108485.0,,5219.0,13159190.0,,,,,,,,,,,,,,,,,,,585.0,,,,,,536098.0,215092373.0,,214556275.0,4900000.0,,,,,,,,,,-24518840.0,,-4.71,,-4.68,,,498550.0,137744.0,26101.0,,8000.0,20539.0,,,214556275.0,,,,,,,99690.0,,,-24020290.0,149.0,,,-37193770.0,5241758.0,
2011-09-30,2011-11-09,10-Q,"United States 12Â Month Oil Fund, LP",USL,CIK0001405528,USD,,,,,307421.0,173700478.0,50260814.0,159401865.0,,,,,7422.0,,,,,,3442.0,827.0,,,95289.0,,5819.0,-3150010.0,,,,,,,,,,,,,,,,,,,3445.0,,,,,,513442.0,173700478.0,,173187036.0,4900000.0,,,,,,,,,,-40659815.0,,-8.45,,-8.2,,,358512.0,132592.0,23423.0,,2800.0,410731.0,,,173187036.0,,,,,,,21849.0,,,-40601303.0,,,,-37460980.0,4995652.0,
2011-12-31,2012-03-08,10-K,"United States 12Â Month Oil Fund, LP",USL,CIK0001405528,USD,,,,,1275573.0,170004451.0,42136549.0,123736412.0,-29216178.0,,,,6022.0,,,,58744673.0,107128288.0,26400.0,1916.0,,,88691.0,,27427.0,16224040.0,,,,,14.0,,-1988.0,,1294.0,34596432.0,,,-11621.0,153.0,-260.0,,,33.0,7926.0,14.0,,,,9472.0,514571.0,170004451.0,49913.0,169489880.0,3900000.0,,,,,,-9278752.0,,-19937426.0,,40658779.0,0.57,8.67,0.55,0.57,17340.0,,1955901.0,127440.0,13049.0,200000.0,30300.0,153.0,,,169489880.0,109084059.0,122583943.0,2500000.0,2800000.0,,113305191.0,244950.0,42136549.0,,4424226.0,33.0,,-11864440.0,-11864440.0,4893699.0,
2012-03-31,2012-05-10,10-Q,"United States 12Â Month Oil Fund, LP",USL,CIK0001405528,USD,,,,,255887.0,172180266.0,,136449005.0,12712593.0,,,,6022.0,,,,,,6102.0,2352.0,,,89360.0,,4890.0,2158700.0,,,,,35.0,,436.0,,,-17845169.0,,,6200.0,6955.0,,,,-33.0,2232.0,49.0,,,,,398576.0,172180266.0,6397.0,171781690.0,3750000.0,,,,,,-6864378.0,,19576971.0,,9156188.0,,2.35,2.35,2.43,,,315716.0,133640.0,14438.0,,3150.0,19659.0,,,171781690.0,18020754.0,24885132.0,400000.0,550000.0,,18020754.0,38135.0,24291380.0,,9471904.0,,,7301720.0,7301720.0,3760440.0,
2012-06-30,2012-08-09,10-Q,"United States 12Â Month Oil Fund, LP",USL,CIK0001405528,USD,,,,,207183.0,112043942.0,25989702.0,94385491.0,,,,,4422.0,,,,48232821.0,74142372.0,8308.0,2209.0,,,52108.0,1789753.0,6454.0,-6014750.0,,,,,,,,,,,,,,,,,,,2430.0,,,,,,2137460.0,112043942.0,,109906482.0,2900000.0,,,,,,,,,,-26030159.0,-7.85,-7.91,-7.91,-7.85,,,265297.0,128800.0,11806.0,,5250.0,9617.0,,,109906482.0,,,,,,,37488.0,,,,,,,-19766100.0,3316484.0,
2012-09-30,2012-11-09,10-Q,"United States 12Â Month Oil Fund, LP",USL,CIK0001405528,USD,,,,,188943.0,115490718.0,12212476.0,103067786.0,,,,,4202.0,,,,23131913.0,92148349.0,5988.0,2220.0,,,60447.0,,6319.0,227490.0,,,,,,,,,,,,,,,,,,,3078.0,18.0,,,,,355394.0,115490718.0,,115135324.0,2850000.0,,,,,,,,,,8544131.0,2.76,2.5,2.5,2.76,,,248705.0,116298.0,10836.0,,2100.0,8585.0,,,115135324.0,,,,,,,33309.0,,,,,,,8554180.0,3093478.0,
2012-12-31,2013-03-13,10-K,"United States 12Â Month Oil Fund, LP",USL,CIK0001405528,USD,,,,,807686.0,99884893.0,11533441.0,86708443.0,-37027969.0,,,,3642.0,,,,12085820.0,86156064.0,28563.0,2669.0,,,49895.0,,21804.0,-6954520.0,0.0,,0.0,,-14.0,,753.0,,-1619.0,-30603108.0,,0.0,-44010.0,0.0,-2380.0,-44043.0,,-33.0,9817.0,,,,92755785.0,,363111.0,99884893.0,20192.0,99521782.0,2500000.0,,,,,,-59569320.0,,22541351.0,,-12467716.0,-3.24,-4.24,-4.24,-3.24,25332.0,20000.0,1271038.0,83430.0,12094.0,150000.0,12950.0,153.0,,,99521782.0,101599752.0,161169072.0,2550000.0,3950000.0,,101599752.0,130520.0,,,-9348400.0,0.0,,-2445210.0,-2445210.0,3205464.0,
2013-03-31,2013-05-10,10-Q,"United States 12Â Month Oil Fund, LP",USL,CIK0001405528,USD,,,,,153776.0,102860232.0,6995702.0,91933163.0,5224720.0,,,,3642.0,20000.0,,,26772801.0,72156064.0,5612.0,1846.0,,,50442.0,,3982.0,1165190.0,0.0,,,,0.0,,-823.0,,,-4537739.0,,,-23379.0,233.0,,,,0.0,2195.0,,,,77175447.0,,281787.0,102860232.0,3844.0,102578445.0,2500000.0,,,,,,-184249.0,,5408969.0,,3240912.0,1.26,1.22,1.22,1.26,,,247095.0,60051.0,9157.0,200000.0,2450.0,7277.0,,,102578445.0,20455450.0,20639699.0,500000.0,500000.0,,20455450.0,50818.0,,,3488007.0,,,2312560.0,2312560.0,2567222.0,
2013-06-30,2013-08-09,10-Q,"United States 12Â Month Oil Fund, LP",USL,CIK0001405528,USD,,,,,129566.0,72365739.0,6076826.0,65813839.0,,,,,2762.0,,,,9734601.0,62156064.0,4817.0,1521.0,,,37660.0,,2289.0,1133470.0,0.0,,,,,,,,,,,,,,,,,,1619.0,,,,66155111.0,,244627.0,72365739.0,,72121112.0,1800000.0,,,,,,,,,,-2501871.0,-1.15,,-0.96,,,,220417.0,28243.0,8916.0,,2800.0,6548.0,,,72121112.0,,,,,,,49959.0,,,-2281454.0,,,,-3424160.0,2182418.0,
2013-09-30,2013-11-12,10-Q,"United States 12Â Month Oil Fund, LP",USL,CIK0001405528,USD,,,,,122169.0,78027624.0,477584.0,73975422.0,,,,,2762.0,,,,12296941.0,62156065.0,3978.0,1285.0,,,39769.0,,2066.0,2762210.0,0.0,,,,,,,,,,,,,,,,,,1236.0,,,,66155725.0,,290768.0,78027624.0,,77736856.0,1800000.0,,,,,,,,,,5687856.0,3.05,,3.12,,,,205028.0,3613.0,7799.0,,1050.0,6153.0,,,77736856.0,,,,,,,50508.0,,,5892884.0,,,,3124410.0,1864130.0,
2013-12-31,2014-03-10,10-K,"United States 12Â Month Oil Fund, LP",USL,CIK0001405528,USD,153.0,,,291402.0,510978.0,64576370.0,3548144.0,59384208.0,-27324235.0,,,,2212.0,,,,11776288.0,51156064.0,18055.0,1218.0,,,32864.0,,9848.0,6302760.0,0.0,,350.0,,0.0,,-1451.0,-81536.0,79.0,-7985297.0,,0.0,-81960.0,0.0,-1430.0,-81536.0,,2141524.0,6576.0,,,,,,2472004.0,64576370.0,12774.0,62104366.0,1450000.0,,,,,1062.0,-40854136.0,,13529901.0,,4729591.0,2.71,,2.66,,19340.0,20000.0,1012934.0,1820.0,9780.0,150000.0,8050.0,5472.0,,350.0,62104366.0,26960147.0,69955807.0,650000.0,1700000.0,,26960147.0,207412.0,,,5742525.0,2141524.0,,85540.0,85540.0,2061096.0,
2014-03-31,2014-05-12,10-Q,"United States 12Â Month Oil Fund, LP",USL,CIK0001405528,USD,,,,,86453.0,57590167.0,3086894.0,51746053.0,-7638155.0,,,,2212.0,,,,18676882.0,36156065.0,3037.0,1009.0,,,29806.0,,1400.0,525150.0,0.0,,-350.0,,,,-209.0,5205.0,-1062.0,-461250.0,,,5731.0,-654.0,0.0,,,-2141524.0,1828.0,,,,,,260976.0,57590167.0,2161.0,57329191.0,1300000.0,,,,,,-6266516.0,,-1371639.0,,1491341.0,1.09,,1.27,,4177.0,20000.0,145584.0,7551.0,6338.0,175000.0,700.0,4818.0,,,57329191.0,,6266516.0,,150000.0,,0.0,51393.0,,,1636925.0,0.0,,1106210.0,1106210.0,1371667.0,
2014-06-30,2014-08-11,10-Q,"United States 12Â Month Oil Fund, LP",USL,CIK0001405528,USD,,,,188406.0,86481.0,59185131.0,601117.0,53303006.0,,,,,2212.0,,,,17748058.0,36156065.0,2499.0,829.0,,,28643.0,,1116.0,1515340.0,0.0,,,,,,,,,,,,,,,,,,1326.0,,,,,,223953.0,59185131.0,2162.0,58961178.0,1250000.0,,,,,,,,,,3912676.0,3.06,,3.07,,4268.0,,132839.0,5519.0,7280.0,,350.0,4692.0,,,58961178.0,,,,,,,37462.0,,,4045515.0,0.0,,,2526000.0,1279121.0,
2014-09-30,2014-11-10,10-Q,"United States 12Â Month Oil Fund, LP",USL,CIK0001405528,USD,,,,208712.0,81958.0,48305757.0,2403642.0,47506972.0,,,,,2212.0,,,,13754549.0,36156065.0,2460.0,829.0,,,25223.0,,1076.0,454600.0,0.0,,,,,,,,,,,,,,,,,,1506.0,,,,,,240297.0,48305757.0,2050.0,48065460.0,1150000.0,,,,,,,,,,-6540319.0,-5.36,,-5.37,,3861.0,,115775.0,3464.0,5911.0,,700.0,4150.0,,,48065460.0,,,,,,,26830.0,,,-6424544.0,0.0,,,-6883810.0,1219565.0,
2014-12-31,2015-03-16,10-K,"United States 12Â Month Oil Fund, LP",USL,CIK0001405528,USD,0.0,0.0,,230056.0,316392.0,37484692.0,19785491.0,33464533.0,-25919675.0,,,,2012.0,,,,29250024.0,24000000.0,10129.0,640.0,,,17971.0,,4643.0,402190.0,0.0,,0.0,,0.0,,-578.0,0.0,-1046.0,16237347.0,,-153.0,,,0.0,0.0,,-2141524.0,5708.0,,,,,,251767.0,37484692.0,10071.0,37232925.0,1400000.0,,,,,16.0,-9536630.0,-9536630.0,-16383045.0,-16383045.0,-36475844.0,-14.92,,-31.45,,15649.0,20000.0,583282.0,,,169000.0,3150.0,,,350.0,37232925.0,6837236.0,12902604.0,250000.0,300000.0,,5507498.0,142796.0,,,-35892562.0,0.0,,-18738510.0,-18738510.0,1260685.0,
2015-03-31,2015-05-07,10-Q,"United States 12Â Month Oil Fund, LP",USL,CIK0001405528,USD,,1659.0,,129296.0,92815.0,72053646.0,21607192.0,66299966.0,32835433.0,,,,4262.0,,,,63907158.0,24000000.0,1776.0,612.0,,,37491.0,,6437.0,-6344216.0,0.0,,-350.0,,,,-28.0,1659.0,-16.0,1821701.0,,,,,2250.0,,,0.0,4053.0,,,,,,173548.0,72053646.0,2320.0,71880098.0,3000000.0,,,,,0.0,41194167.0,,-8358734.0,,-5217256.0,-2.08,,-2.63,,2905.0,20000.0,125096.0,,,175000.0,5950.0,,,0.0,71880098.0,39864429.0,,1600000.0,,,41194167.0,20619.0,,,-5092160.0,,,1240277.0,1240277.0,2506111.0,
2015-06-30,2015-08-05,10-Q,"United States 12Â Month Oil Fund, LP",USL,CIK0001405528,USD,,572.0,,130492.0,127382.0,80694583.0,8457363.0,73520846.0,,,,,4262.0,,,,57978209.0,24000000.0,1795.0,591.0,,,40160.0,,3728.0,-5696095.0,0.0,,,,,,,,,,,,,,,,,,8891.0,,,,,,178284.0,80694583.0,3186.0,80516299.0,3000000.0,,,,,0.0,,,,,8713790.0,2.75,,2.88,,2458.0,,174595.0,,,,2800.0,,,0.0,80516299.0,,,,,,,37841.0,,,8888385.0,,,,14570994.0,3170330.0,
2015-09-30,2015-11-06,10-Q,"United States 12Â Month Oil Fund, LP",USL,CIK0001405528,USD,,,,144535.0,108930.0,70728873.0,21063388.0,62656498.0,,,,,5162.0,,,,70719886.0,13000000.0,1254.0,366.0,,,34979.0,,5205.0,-7454670.0,0.0,,,,,,,,,,,,,,,,,,11401.0,,,,,,187680.0,70728873.0,2722.0,70541193.0,3450000.0,,,,,87.0,,,,,-19286166.0,-5.78,,-6.39,,2311.0,,141411.0,,,,3850.0,,,0.0,70541193.0,,,,,,,22243.0,,,-19144755.0,,,,-11706590.0,3335870.0,
2015-12-31,2016-03-11,10-K,"United States 12Â Month Oil Fund, LP",USL,CIK0001405528,USD,,0.0,,153445.0,433957.0,70729815.0,29320958.0,61380282.0,27915749.0,,,,5162.0,,,,83701240.0,7000000.0,5737.0,204.0,,0.0,34039.0,,19025.0,-24569061.0,0.0,,-350.0,,0.0,,-436.0,0.0,726.0,9535467.0,,0.0,,,0.0,,,,43003.0,,,,,,196218.0,70729815.0,10849.0,70533597.0,4150000.0,,,,,742.0,62585356.0,62585356.0,-34669607.0,-34669607.0,-40120260.0,-8.87,,-13.04,,9808.0,20000.0,709910.0,,,100000.0,16450.0,,,0.0,70533597.0,87966232.0,-26710614.0,3850000.0,1100000.0,,89295970.0,101867.0,,,-39410350.0,,,-2875569.0,-2875569.0,3151781.0,
2016-03-31,2016-05-04,10-Q,"United States 12Â Month Oil Fund, LP",USL,CIK0001405528,USD,,1872.0,,79778.0,131164.0,111332837.0,21816415.0,98622206.0,37241924.0,,,,7362.0,,,,108438621.0,12000000.0,5400.0,2463.0,,,55466.0,,8669.0,-9396160.0,0.0,,0.0,1872.0,,,2259.0,1872.0,-742.0,-7504543.0,,,,,0.0,,,,44057.0,,,,,,146401.0,111332837.0,3279.0,111186436.0,6800000.0,,,,,0.0,39299030.0,39299030.0,-2057106.0,-2057106.0,1353809.0,0.24,,-0.65,,2281.0,20000.0,168348.0,,,143000.0,7350.0,,,,111186436.0,39299030.0,,2650000.0,,,39299030.0,22955.0,,,1522157.0,,,10861510.0,10861510.0,5659890.0,
2016-06-30,2016-08-05,10-Q,"United States 12Â Month Oil Fund, LP",USL,CIK0001405528,USD,,570.0,,46502.0,177299.0,125186796.0,7995769.0,103845732.0,,,,,7362.0,,,,90841501.0,21000000.0,13521.0,4521.0,,4220012.0,59809.0,,3747.0,-2593212.0,0.0,,,,,,,,,,,,,,,,,,74966.0,,,,,,4338634.0,125186796.0,4433.0,120848162.0,6250000.0,,,,,0.0,,,,,19739794.0,3.04,,2.99,,2754.0,,208254.0,,,,2450.0,,,,120848162.0,,,,,,,20021.0,,,19948048.0,,,,22450323.0,6497802.0,
2016-09-30,2016-11-07,10-Q,"United States 12Â Month Oil Fund, LP",USL,CIK0001405528,USD,,,,61562.0,174407.0,130379668.0,7994581.0,112343004.0,,,,,7362.0,,,,83337585.0,37000000.0,20080.0,8505.0,,7411179.0,55832.0,,4869.0,501686.0,0.0,,,,,,,,,,,,,,,,,,77074.0,,,,,,7541245.0,130379668.0,4360.0,122838423.0,6550000.0,,,,,434.0,,,,,-2911692.0,-0.45,,-0.59,,2860.0,,206706.0,,,,2800.0,,,,122838423.0,,,,,,,20210.0,,,-2704986.0,,,,-3306626.0,6411413.0,
2016-12-31,2017-03-10,10-K,"United States 12Â Month Oil Fund, LP",USL,CIK0001405528,USD,,0.0,,80375.0,668511.0,141659167.0,6997275.0,117373323.0,33669358.0,124370598.0,,,7362.0,,,,87370598.0,37000000.0,69128.0,10794.0,,15112791.0,64286.0,,22207.0,-7435894.0,0.0,,0.0,,0.0,,10590.0,,697.0,-22323683.0,,0.0,,,15112791.0,,,,280850.0,0.0,,,,,15271359.0,141659167.0,16713.0,126387808.0,6200000.0,,,,668511.0,1439.0,26480846.0,26480846.0,7188512.0,29512195.0,40564819.0,4.69,,5.03,,10843.0,20000.0,1028438.0,,,85000.0,15750.0,,,,126387808.0,56075976.0,29595130.0,3600000.0,1550000.0,,56075976.0,87599.0,,,41593257.0,,0.0,37249404.0,37249404.0,6263251.0,
2017-03-31,2017-05-05,10-Q,"United States 12Â Month Oil Fund, LP",USL,CIK0001405528,USD,,3443.0,,53271.0,173067.0,108451901.0,8418848.0,99926087.0,-16025663.0,,,,7362.0,,,,78344935.0,30000000.0,43025.0,13817.0,,0.0,54740.0,,4132.0,6144519.0,0.0,,,3443.0,0.0,,3023.0,,-1439.0,1421573.0,,,,,-15112791.0,,,,108478.0,,,71384450.0,,,118769.0,108451901.0,4327.0,108333132.0,5850000.0,,,,,0.0,-6907733.0,-6907733.0,-9117930.0,-10539503.0,-11146943.0,-1.85,,-1.87,,3120.0,20000.0,256646.0,,,150000.0,1750.0,,,,108333132.0,2967754.0,9875487.0,150000.0,500000.0,,2967754.0,72000.0,,,-10890297.0,,,-17188069.0,-17188069.0,6039444.0,
2017-06-30,2017-08-07,10-Q,"United States 12Â Month Oil Fund, LP",USL,CIK0001405528,USD,,2146.0,,48418.0,159419.0,114257393.0,25688812.0,98798423.0,,,,,7362.0,,,,101787235.0,22700000.0,43444.0,13921.0,,0.0,52525.0,,4709.0,474575.0,0.0,,,,,,,,,,,,,,,,,,144453.0,,,,,,111423.0,114257393.0,3985.0,114145970.0,6800000.0,,,,159419.0,0.0,,,,,-9895724.0,-1.63,,-1.73,,3468.0,,225381.0,,,,2800.0,,,,114145970.0,,,,,,,53800.0,,,-9670343.0,,,,-10335615.0,6056044.0,
2017-09-30,2017-11-06,10-Q,"United States 12Â Month Oil Fund, LP",USL,CIK0001405528,USD,,353.0,,72717.0,168628.0,109095456.0,19614897.0,89534920.0,,,,,7362.0,,19614897.0,,86449817.0,22700000.0,51363.0,16316.0,,0.0,54271.0,,4643.0,-390455.0,0.0,,,,,,,,,,,,,,,,,,219011.0,9844.0,,,,,1968927.0,109095456.0,4216.0,107126529.0,5850000.0,,,,168628.0,0.0,,,,,9832876.0,1.53,,1.52,,3844.0,,214528.0,,,,2800.0,,,,107126529.0,,,,,,,33197.0,,,10047404.0,,,,10164685.0,6439130.0,
2017-12-31,2018-03-14,10-K,"United States 12Â Month Oil Fund, LP",USL,CIK0001405528,USD,,0.0,,145177.0,646339.0,99322114.0,4988459.0,83241625.0,-36140514.0,88230084.0,-36140514.0,,7362.0,,,0.0,69230084.0,19000000.0,192015.0,16769.0,,7565281.0,46592.0,,17897.0,7967768.0,0.0,,,,2694.0,,5975.0,,66.0,-2008816.0,,,,,-7547510.0,,491.0,,685895.0,2694.0,,,,,7768212.0,99322114.0,16158.0,91553902.0,4350000.0,,,,646339.0,1014.0,-36555861.0,,415347.0,,14653701.0,0.29,,3.4000000000000004,,14120.0,20000.0,1162875.0,,,153000.0,11200.0,,,,91553902.0,22440164.0,58996025.0,1300000.0,3150000.0,,22440164.0,235201.0,,,15816576.0,,0.0,-6205208.0,-6205208.0,5871781.0,
2018-03-31,2018-05-10,10-Q,"United States 12Â Month Oil Fund, LP",USL,CIK0001405528,USD,,,,107411.0,127296.0,91810114.0,4977658.0,73873484.0,-9378942.0,,,,4862.0,,,,64851142.0,14000000.0,54110.0,17660.0,,8976003.0,36118.0,,574.0,4474975.0,0.0,,,0.0,2006.0,,891.0,,1066.0,,,,,,1410722.0,,,,240855.0,4700.0,,,,,9128822.0,91810114.0,3182.0,82681292.0,3650000.0,,,,127296.0,2080.0,-15336666.0,,5957724.0,,6464056.0,1.64,,1.6,,3231.0,20000.0,172379.0,,,,2450.0,,,,82681292.0,,15336666.0,,700000.0,,0.0,38096.0,,,6636435.0,,,1864045.0,1864045.0,3952778.0,
2018-06-30,2018-08-08,10-Q,"United States 12Â Month Oil Fund, LP",USL,CIK0001405528,USD,,2320.0,,71769.0,,100569148.0,4977569.0,79031716.0,,84009285.0,,,4862.0,,,,64409285.0,19600000.0,60127.0,20611.0,,14206502.0,40206.0,,2645.0,5789281.0,0.0,,,,,,,,,,,,,,,,,,287399.0,2291.0,,,,,14325678.0,100569148.0,,86243470.0,3400000.0,,,,126585.0,0.0,,,,,9563589.0,2.7,,2.72,,3583.0,,172297.0,,,,1050.0,,,,86243470.0,,,,,,,36319.0,,,9735886.0,,,,3598029.0,3541758.0,
2018-09-30,2018-11-08,10-Q,"United States 12Â Month Oil Fund, LP",USL,CIK0001405528,USD,,,,96390.0,,85658946.0,4975403.0,66274454.0,,71249857.0,,,4862.0,,,,58949857.0,12300000.0,65990.0,18997.0,,2737008.0,33332.0,,2282.0,7166117.0,0.0,,,,,,,,,,,,,,,,,,322972.0,5598.0,,,,,2878339.0,85658946.0,,82780607.0,3050000.0,,,,120405.0,5004.0,,,,,5243001.0,1.64,,1.77,,3642.0,,163681.0,,,,1750.0,,,,82780607.0,,,,,,,34342.0,,,5406682.0,,,,-2150147.0,3187500.0,
2018-12-31,2019-03-13,10-K,"United States 12Â Month Oil Fund, LP",USL,CIK0001405528,USD,,,,127321.0,,50960023.0,24000253.0,42728472.0,-21501359.0,66728725.0,-21501359.0,,3422.0,,,-21.0,66728725.0,,212708.0,895.0,,0.0,27633.0,,6045.0,20594140.0,0.0,,,,-1530.0,,-15874.0,,-317.0,,,,,,-7565281.0,,326.0,,1173556.0,1164.0,0.0,,,,161393.0,50960023.0,,50798630.0,2850000.0,,,,473218.0,1803.0,-35247245.0,,13745886.0,,-32286700.0,-1.62,,-12.55,,13806.0,20000.0,790843.0,,,144700.0,5950.0,,,,50798630.0,,35247245.0,0.0,1500000.0,1432.0,0.0,144701.0,,24000253.0,-31495857.0,,-21.0,-26844760.0,-26844760.0,3390137.0,
2019-03-31,2019-05-09,10-Q,"United States 12Â Month Oil Fund, LP",USL,CIK0001405528,USD,,,,82046.0,,62045310.0,10092231.0,53096379.0,-3540115.0,63188610.0,,-3540115.0,3422.0,,,0.0,46188610.0,17000000.0,70220.0,32667.0,,,26591.0,,1872.0,-1433368.0,0.0,,,,744.0,,31772.0,,-57.0,,6.0,,,,0.0,,-1433.0,,272033.0,1908.0,,,,,114325.0,62045310.0,,61930985.0,2750000.0,,,,88614.0,1753.0,-2237484.0,,-1302631.0,,13369839.0,4.7,,4.7,,3267.0,20000.0,134064.0,,,,700.0,,,,61930985.0,,2237484.0,,100000.0,,0.0,38096.0,,,13503903.0,,,14594318.0,14594318.0,2842222.0,
2019-06-30,2019-08-08,10-Q,"United States 12Â Month Oil Fund, LP",USL,CIK0001405528,USD,,2586.0,,74484.0,,54610563.0,,46866995.0,,57233158.0,,,3422.0,,,,46233158.0,11000000.0,80197.0,15261.0,,,25767.0,,1985.0,-492221.0,0.0,,,,,,,,,,,,,,,,,,266616.0,1652.0,,,,,104165.0,54610563.0,,54506398.0,2500000.0,,,,87543.0,,,,,,-1740152.0,-0.67,,-0.72,,2738.0,,132975.0,,,,2450.0,,,,54506398.0,,,,300000.0,,,38520.0,,10366163.0,-1607177.0,,,,-1464219.0,2610440.0,
2019-09-30,2019-11-08,10-Q,"United States 12Â Month Oil Fund, LP",USL,CIK0001405528,USD,,,,92876.0,,51538460.0,,42358238.0,,56395408.0,,,3422.0,,,0.0,47395408.0,9000000.0,51826.0,14330.0,,,26044.0,,1627.0,-2101373.0,0.0,,,,,,,,,,,,,,,,,,237051.0,4630.0,0.0,,,,124387.0,51538460.0,,51414073.0,2550000.0,,,,79675.0,1744.0,,,,,-4163002.0,-1.66,,-1.64,,3393.0,,114129.0,,,,350.0,,,,51414073.0,,,50000.0,,2913.0,,27442.0,,14037170.0,-4048873.0,,,,-2236727.0,2505435.0,
2019-12-31,2020-03-13,10-K,"United States 12Â Month Oil Fund, LP",USL,CIK0001405528,USD,,,0.0,119417.0,,55230277.0,,45166882.0,,51606975.0,-15121750.0,,3422.0,,,0.0,38606975.0,13000000.0,241099.0,12950.0,,0.0,28094.0,,7261.0,-5665084.0,0.0,,,,5156.0,,12055.0,,150.0,,,,,,0.0,,9.0,,976513.0,6320.0,0.0,,,,153238.0,55230277.0,,55077039.0,2400000.0,,,,337314.0,1953.0,-10155916.0,,-4965834.0,,21401965.0,5.52,,7.92,,13028.0,20000.0,613906.0,,,131500.0,4550.0,,,,55077039.0,2254827.0,12410743.0,100000.0,550000.0,1441.0,2254827.0,131501.0,,6440093.0,22015871.0,,,19374784.0,19374784.0,2615479.0,
2020-03-31,2020-05-08,10-Q,"United States 12Â Month Oil Fund, LP",USL,CIK0001405528,USD,,,350.0,65771.0,,53592684.0,,35029959.0,,68261316.0,,16654341.0,4502.0,,,1240.0,68261316.0,,30245.0,3379.0,,,20197.0,,5146.0,-837283.0,0.0,,,,-5576.0,,-9571.0,,-473.0,,0.0,,,,0.0,,4480.0,,146528.0,744.0,0.0,,,,91950.0,53592684.0,,53500734.0,4400000.0,,,,68271.0,1480.0,17464023.0,,-809682.0,,-25119958.0,-10.03,,-10.79,,3122.0,20000.0,105391.0,,,,5950.0,,,,53500734.0,26939982.0,3396329.0,2150000.0,150000.0,5921.0,20860352.0,27145.0,,33231357.0,-25014567.0,,,-24361247.0,-24361247.0,2503846.0,
2020-06-30,2020-08-07,10-Q,"United States 12Â Month Oil Fund, LP",USL,CIK0001405528,USD,,,,62092.0,,313411370.0,,235642464.0,,246628227.0,,,12602.0,,,0.0,11048528.0,235579699.0,81659.0,32056.0,,,148001.0,,69031.0,11487803.0,,,,,,,,,,,,,,,,,,,67904.0,,39650.0,,,,38531388.0,313411370.0,,274879982.0,18700000.0,,,,341764.0,3162.0,,,,,98276691.0,5.43,,2.54,,4780.0,,511025.0,,,,15064.0,,38297721.0,,274879982.0,,,26600000.0,12300000.0,4445.0,,47256.0,,10985763.0,98787716.0,,,,87135286.0,18098901.0,
2020-09-30,2020-11-06,10-Q,"United States 12Â Month Oil Fund, LP",USL,CIK0001405528,USD,,,364.0,122655.0,,224326728.0,,187052113.0,,187052113.0,,,12602.0,,,0.0,166856113.0,20196000.0,45883.0,2329.0,,10212377.0,107332.0,,15806.0,39251150.0,0.0,,,,,,,,,,,,,,,,,,17590.0,3352.0,47005.0,,,,11978034.0,224326728.0,,212348694.0,14050000.0,,,,367521.0,3240.0,,,,,9562502.0,0.61,,0.41,,4990.0,,554171.0,,,,6650.0,,,,212348694.0,,,50000.0,1950000.0,2953.0,,109661.0,,0.0,10116673.0,,,,-29204600.0,15694022.0,
2020-12-31,2021-02-26,10-K,"United States 12Â Month Oil Fund, LP",USL,CIK0001405528,USD,,,,132523.0,,219497639.0,,181574615.0,,182551168.0,130944193.0,,12602.0,,,1240.0,162355168.0,20196000.0,158704.0,178.0,,21925587.0,102144.0,,102980.0,76578011.0,0.0,,,,655.0,,-12772.0,,854.0,,,,,,21925587.0,,20.0,,252605.0,6975.0,124835.0,,,,23043098.0,219497639.0,,196454541.0,11400000.0,,,,1080769.0,2807.0,33518747.0,,97425446.0,,134719453.0,8.83,,-3.5999999999999996,,17435.0,,1998091.0,,,172800.0,33264.0,,,,196454541.0,,,28750000.0,19750000.0,1461.0,302421810.0,231301.0,,976553.0,136717544.0,,,33279859.0,33279859.0,12315890.0,
2021-03-31,2021-05-07,10-Q,"United States 12Â Month Oil Fund, LP",USL,CIK0001405528,USD,,,,88437.0,,231276727.0,,185990371.0,,185990371.0,,3439203.0,12602.0,,,0.0,34644371.0,151346000.0,6431.0,3644.0,,32640416.0,110361.0,,7832.0,33524450.0,0.0,,,,-6665.0,,3466.0,,148.0,,,,,,10714829.0,,39454.0,,10661.0,310.0,37350.0,,,,32861432.0,231276727.0,,198415295.0,9500000.0,,,,313804.0,2955.0,-40340230.0,,43779433.0,,41440395.0,3.92,,3.66,,5530.0,,445977.0,,,,3850.0,,,,198415295.0,,,,1900000.0,40915.0,0.0,73616.0,,0.0,41886372.0,,,8340980.0,8340980.0,10577778.0,
2021-06-30,2021-08-06,10-Q,"United States 12Â Month Oil Fund, LP",USL,CIK0001405528,USD,,,,132261.0,,226231282.0,,144238551.0,,174238551.0,,,12602.0,,,0.0,32342551.0,141896000.0,9724.0,3110.0,,37759280.0,93997.0,,7974.0,34289110.0,0.0,,,,,,,,,,,,,,,,,,3095.0,375.0,37765.0,,,,38027191.0,226231282.0,,188204091.0,7350000.0,,,,297747.0,3062.0,,,,,40572896.0,4.74,,4.72,,13800.0,,468943.0,,,,4550.0,,,,188204091.0,,,,2150000.0,30456.0,,104213.0,,30000000.0,41041839.0,,,,6735360.0,8566667.0,
2021-09-30,2021-11-05,10-Q,"United States 12Â Month Oil Fund, LP",USL,CIK0001405528,USD,,,,146028.0,,171120227.0,,107324197.0,,137331019.0,,,12602.0,,,0.0,41535019.0,95796000.0,7379.0,2046.0,,23113534.0,72614.0,,6442.0,25652040.0,0.0,,,,,,,,,,,,,,,,,,10243.0,2879.0,38180.0,,,,23410361.0,171120227.0,,147709866.0,5450000.0,,,,244975.0,2713.0,,,,,7110614.0,1.11,,1.49,,13576.0,,369558.0,,,,4900.0,,,,147709866.0,,,50000.0,6000000.0,19883.0,,60261.0,,30006822.0,7480172.0,,,,-18194390.0,6392391.0,
2021-12-31,2022-02-25,10-K,"United States 12Â Month Oil Fund, LP",USL,CIK0001405528,USD,,,,172680.0,,149225740.0,,99549427.0,,129563728.0,-52987440.0,,12602.0,,,0.0,0.0,0.0,29830.0,1869.0,,11205326.0,67706.0,,26177.0,112107560.0,0.0,,,,-4171.0,,1691.0,,-380.0,,,,,,-10720261.0,,7848.0,,32668.0,2804.0,151475.0,,,,11561138.0,149225740.0,,137664602.0,4950000.0,,,,1074705.0,2427.0,-152986967.0,,99999527.0,,97548973.0,12.18,,11.29,,46172.0,,329071.0,,,269000.0,14350.0,,,,137664602.0,,,50000.0,6500000.0,9309.0,1191280.0,288152.0,,30014301.0,99491593.0,,,-17234420.0,-17234420.0,7662329.0,5e-05
