end,filed,form,Name,Ticker,CIK,Currency,AccountsPayableAndAccruedLiabilitiesCurrent,AccountsPayableAndAccruedLiabilitiesCurrentAndNoncurrent,AccountsPayableCurrent,AccountsPayableInterestBearingInterestRate,AdditionalPaidInCapital,AdditionalPaidInCapitalCommonStock,AdjustmentsToAdditionalPaidInCapitalWarrantIssued,AmortizationOfDebtDiscountPremium,Assets,AssetsCurrent,BankOverdrafts,BankOwnedLifeInsuranceIncome,Cash,CashAcquiredFromAcquisition,CashAndCashEquivalentsAtCarryingValue,CashAndCashEquivalentsPeriodIncreaseDecrease,CashAndCashEquivalentsPeriodIncreaseDecreaseExcludingExchangeRateEffect,CashEquivalentsAtCarryingValue,CashPeriodIncreaseDecrease,CommitmentsAndContingencies,CommonStockParOrStatedValuePerShare,CommonStockSharesAuthorized,CommonStockSharesIssued,CommonStockSharesOutstanding,CommonStockValue,ConversionOfStockAmountConverted1,ConversionOfStockAmountIssued1,ConversionOfStockSharesConverted1,ConversionOfStockSharesIssued1,ConvertibleNotesPayable,ConvertibleSubordinatedDebtNoncurrent,CostOfRevenue,CurrentIncomeTaxExpenseBenefit,DebtConversionConvertedInstrumentAmount1,DebtConversionConvertedInstrumentSharesIssued1,DebtInstrumentConvertibleConversionPrice1,DebtInstrumentInterestRateStatedPercentage,DebtInstrumentUnamortizedDiscount,DeferredTaxAssetsLiabilitiesNet,DeferredTaxAssetsOperatingLossCarryforwards,DeferredTaxAssetsValuationAllowance,Deposits,DevelopmentStageEnterpriseDeficitAccumulatedDuringDevelopmentStage,DueToRelatedPartiesCurrent,DueToRelatedPartiesCurrentAndNoncurrent,EarningsPerShareBasicAndDiluted,EffectiveIncomeTaxRateContinuingOperations,EffectiveIncomeTaxRateReconciliationAtFederalStatutoryIncomeTaxRate,EffectiveIncomeTaxRateReconciliationChangeInDeferredTaxAssetsValuationAllowance,EffectiveIncomeTaxRateReconciliationOtherAdjustments,EffectiveIncomeTaxRateReconciliationStateAndLocalIncomeTaxes,EquityMethodInvestments,GeneralAndAdministrativeExpense,GrossProfit,IncomeLossFromContinuingOperationsPerBasicAndDilutedShare,IncomeTaxExpenseBenefit,IncomeTaxesPaid,IncomeTaxesPaidNet,IncomeTaxReconciliationChangeInDeferredTaxAssetsValuationAllowance,IncomeTaxReconciliationIncomeTaxExpenseBenefitAtFederalStatutoryIncomeTaxRate,IncreaseDecreaseInAccountsPayable,IncreaseDecreaseInAccountsPayableAndAccruedLiabilities,IncreaseDecreaseInAccountsPayableTrade,IncreaseDecreaseInAccruedInterestReceivableNet,IncreaseDecreaseInAccruedLiabilities,IncreaseDecreaseInDeposits,IncreaseDecreaseInOtherAccountsPayableAndAccruedLiabilities,IncreaseDecreaseInPrepaidExpense,InterestExpense,InterestPaid,InterestPaidNet,Liabilities,LiabilitiesAndStockholdersEquity,LiabilitiesCurrent,MarketableSecuritiesCurrent,NetCashProvidedByUsedInFinancingActivities,NetCashProvidedByUsedInFinancingActivitiesContinuingOperations,NetCashProvidedByUsedInInvestingActivities,NetCashProvidedByUsedInOperatingActivities,NetIncomeLoss,NotesPayableRelatedPartiesCurrentAndNoncurrent,OperatingExpenses,OperatingIncomeLoss,OperatingLeasesRentExpenseNet,OperatingLossCarryforwards,PaymentsForDeposits,PaymentsForLoans,PaymentsToAcquireAvailableForSaleSecuritiesDebt,PreferredStockParOrStatedValuePerShare,PreferredStockSharesAuthorized,PreferredStockSharesIssued,PreferredStockSharesOutstanding,PreferredStockValue,PreferredStockValueOutstanding,PrepaidExpenseAndOtherAssets,PrepaidExpenseCurrent,ProceedsFromCollectionOfAdvanceToAffiliate,ProceedsFromCollectionOfLongtermLoansToRelatedParties,ProceedsFromContributedCapital,ProceedsFromContributionsFromAffiliates,ProceedsFromConvertibleDebt,ProceedsFromDebtNetOfIssuanceCosts,ProceedsFromIssuanceOfWarrants,ProceedsFromRelatedPartyDebt,ProceedsFromRepaymentsOfRelatedPartyDebt,ProfitLoss,RepaymentsOfBankDebt,RepaymentsOfRelatedPartyDebt,RetainedEarningsAccumulatedDeficit,Revenues,SharesIssued,SharesOutstanding,StockholdersEquity,StockholdersEquityIncludingPortionAttributableToNoncontrollingInterest,StockholdersEquityNoteStockSplitConversionRatio1,StockIssuedDuringPeriodSharesConversionOfConvertibleSecurities,StockIssuedDuringPeriodSharesStockSplits,StockIssuedDuringPeriodValueConversionOfConvertibleSecurities,StockIssuedDuringPeriodValueConversionOfConvertibleSecuritiesNetOfAdjustments,StockIssuedDuringPeriodValueNewIssues,TreasuryStockShares,TreasuryStockValue,TreasuryStockValueAcquiredCostMethod,ValuationAllowanceDeferredTaxAssetChangeInAmount,WeightedAverageNumberOfShareOutstandingBasicAndDiluted
2010-04-30,2010-08-06,10-K,PREVENTION INSURANCE COM INC,PVNC,CIK0001134982,USD,,,10950.0,,4228856.0,,90000.0,,7808.0,7808.0,,,7808.0,,4060.0,,,,,0.0,0.0001,100000000.0,995083.0,995083.0,100.0,,,,,,,,,,,,,,,,,,,20000.0,,,,,,,,,,,,,,,,,,,,,,,,,,,,30950.0,7808.0,30950.0,,,,,,-103350.0,,,,,,,,,0.0001,10000000.0,0.0,,0.0,,,,,,,,,,,,,,,,-4199144.0,,,0.0,-17851.0,-17851.0,,,,400000.0,,,24142.0,52954.0,,,
2010-07-31,2010-09-09,10-Q,PREVENTION INSURANCE COM INC,PVNC,CIK0001134982,USD,,,,,,,,,,,,,,,8224.0,4164.0,,,,,,,,,,,,,,,,0.0,0.0,,,,,,,,,,,,,-0.01,,,,,,,4994.0,0.0,,,0.0,,,,,,-10842.0,,,,,,,0.0,,,,,,20000.0,,,-15836.0,,,4994.0,-4994.0,,,,,,,,,,,,,,,,,,,,20000.0,,,-4994.0,,,,0.0,,,,,,,,,,,,,,,
2010-10-31,2010-12-10,10-Q,PREVENTION INSURANCE COM INC,PVNC,CIK0001134982,USD,,,,,,,,,,,,,,,4521.0,,,,,,,,,,,,,,,,,0.0,0.0,,,,,,,,,,,,,0.0,,,,,,,3704.0,0.0,,,,,,,,,,,,,,,,,,,,,,,,,,,,3704.0,-3704.0,,,,,,,,,,,,,,,,,,,,,,,-3704.0,,,,0.0,,,,,,,,,,,,,,,
2011-01-31,2011-03-11,10-Q,PREVENTION INSURANCE COM INC,PVNC,CIK0001134982,USD,,,,,,,,,,,,,,,4716.0,,,,,,,,,,,,,,,,,0.0,0.0,,,,,,,,,,,,,-0.01,,,,,,,13936.0,0.0,,,,,,,,,,,,,,,,,,,,,,,,,,,,13936.0,-13936.0,,,,,,,,,,,,,,,,,,,,,,,-13936.0,,,,0.0,,,,,,,,,,,,,,,
2011-04-30,2011-07-27,10-K,PREVENTION INSURANCE COM INC,PVNC,CIK0001134982,USD,,,10950.0,,4228856.0,,40000.0,,7808.0,7808.0,,,7808.0,,7808.0,3748.0,,,,0.0,,100000000.0,995074.0,995074.0,100.0,,,,,,,0.0,0.0,,,,,,,,,,,20000.0,,-0.05,,,,,,,45291.0,0.0,,,0.0,,,,,,-10961.0,,,,,,,0.0,,30950.0,7808.0,30950.0,,60000.0,,0.0,-56252.0,-45291.0,,45291.0,-45291.0,,,,,,,,0.0,,0.0,,,,,,,,,,40000.0,20000.0,,-45291.0,,,-4199144.0,0.0,,0.0,-23142.0,-23142.0,,,0.0,,,,24142.0,52954.0,,,994729.0
2011-07-31,2011-09-12,10-Q,PREVENTION INSURANCE COM INC,PVNC,CIK0001134982,USD,,,10150.0,,4228856.0,,,,1124.0,1124.0,,,1124.0,,1124.0,-6684.0,,,,0.0,0.0001,100000000.0,995083.0,995083.0,100.0,,,,,,,0.0,0.0,,,,,,,,,,,20000.0,,-0.01,,,,,,,5884.0,0.0,,,0.0,,,,,,-800.0,,,,,,,0.0,,30150.0,1124.0,30150.0,,0.0,,,-6684.0,,,5884.0,-5884.0,0.0,,,,,0.0001,10000000.0,0.0,,0.0,,,,,,,,,,0.0,,,-5884.0,,,-4205028.0,0.0,,,,-29026.0,,,,,,,24142.0,52954.0,,,995083.0
2011-10-31,2011-12-08,10-Q,PREVENTION INSURANCE COM INC,PVNC,CIK0001134982,USD,,,5574.0,,4268717.0,,,,10413.0,10413.0,,,10413.0,,10413.0,,,,,,0.0001,100000000.0,2390083.0,995083.0,239.0,,,,,,,0.0,0.0,,,,,,,,,,,0.0,,0.0,,,,,,,6135.0,0.0,,,,,,,,,,,,,,,,,,5574.0,10413.0,5574.0,,,,,,,,6135.0,-6135.0,,,,,,0.0001,10000000.0,0.0,,0.0,,,,,,,,,,,,,-6135.0,,,-4211163.0,0.0,,,,4839.0,,,,,,,24142.0,52954.0,,,1616759.0
2012-01-31,2012-03-15,10-Q,PREVENTION INSURANCE COM INC,PVNC,CIK0001134982,USD,,,10761.0,,4228717.0,,,,6861.0,6861.0,,,6861.0,,6861.0,,,,,0.0,0.0001,100000000.0,2390083.0,995074.0,239.0,,,,,,,0.0,0.0,,,,,,,,,,,40000.0,,0.0,,,,,,,8738.0,0.0,,,,,,,,,,,,,,,,,,50761.0,6861.0,50761.0,,,,,,-8738.0,,8738.0,-8738.0,,,,,,0.0001,10000000.0,0.0,,0.0,,,,,,,,,,,,,-8738.0,,,-4219902.0,0.0,,,,-43900.0,,,,,,,24142.0,52954.0,,,2390083.0
2012-04-30,2012-07-27,10-K,PREVENTION INSURANCE COM INC,PVNC,CIK0001134982,USD,,,14044.0,,4228717.0,,,,4343.0,4343.0,,,4343.0,,4343.0,-3465.0,,,,0.0,0.0001,100000000.0,2390083.0,2390083.0,239.0,,155000.0,,,,,0.0,0.0,,,,,,,,,,175200.0,40000.0,,-0.01,0.0,0.35,-0.4,,0.05,,26559.0,0.0,,,0.0,,,,3094.0,,3094.0,,,,,,,0.0,,54044.0,4343.0,54044.0,,20000.0,,0.0,-23465.0,-26559.0,,26559.0,-26559.0,0.0,,,,,0.0001,10000000.0,0.0,,0.0,,,,,,,,,,0.0,20000.0,,-26559.0,,,-4050503.0,0.0,,0.0,-49701.0,-49701.0,,0.0,0.0,,0.0,,24142.0,52954.0,,,1848853.0
2012-07-31,2012-09-12,10-Q,PREVENTION INSURANCE COM INC,PVNC,CIK0001134982,USD,,,10574.0,,4228717.0,,,,14320.0,14320.0,,,14320.0,,14320.0,9977.0,,0.0,,,0.0001,100000000.0,2390083.0,2390083.0,239.0,,,,,,,,,,,,,,,,,,,60000.0,,0.0,,,,,,,6553.0,,,,,,,,-3470.0,,-3470.0,,,,,,,,,,14320.0,70574.0,,20000.0,,,-10023.0,-6553.0,,,0.0,0.0,,,,,0.0001,10000000.0,,,,,,,,,,,,,,20000.0,,-6553.0,,,-4232256.0,,,,,-56254.0,,,,,,,24142.0,52954.0,,,2390083.0
2012-10-31,2012-12-13,10-Q,PREVENTION INSURANCE COM INC,PVNC,CIK0001134982,USD,,,8757.0,,4228717.0,,,,7083.0,7083.0,,,7083.0,,7083.0,,,0.0,,,0.0001,100000000.0,2390083.0,2390083.0,239.0,,,,,,,,,,,,,,,,,,,60000.0,,0.0,,,,,,,5420.0,,,,,,,,,,,,,,,,,,,68757.0,7083.0,68757.0,,,,,,-5420.0,,,-5420.0,,,,,,0.0001,10000000.0,0.0,,,,,,,,,,,,,,,-5420.0,,,-4237676.0,,1395000.0,,,-61674.0,,,,,,,24142.0,52954.0,,,2390081.0
2013-01-31,2013-03-15,10-Q,PREVENTION INSURANCE COM INC,PVNC,CIK0001134982,USD,,,11224.0,,4228717.0,,,,333.0,333.0,,,333.0,,333.0,,,0.0,,,0.0001,100000000.0,2390083.0,2390083.0,239.0,,,,,,,,,,,,,,,,,,,60000.0,,0.0,,,,,,,9218.0,,,,,,,,,,,,,,,,,,,71224.0,333.0,71224.0,,,,,,-9218.0,,9217.0,-9217.0,,,,,,0.0001,10000000.0,0.0,,,,,,,,,,,,,,,,,,-4246893.0,,,,-70891.0,,,,,,,,24142.0,52954.0,,,2390081.0
2013-04-30,2013-08-02,10-K,PREVENTION INSURANCE COM INC,PVNC,CIK0001134982,USD,,,18861.0,,4228717.0,,,,9218.0,9218.0,,,9218.0,,9218.0,4875.0,,,,,0.0001,100000000.0,2390083.0,2390083.0,239.0,,,,1395000.0,,,,,,,,,,,,,,210142.0,75000.0,,-0.01,0.0,0.35,-0.4,,0.05,,34942.0,,,,,,,,4817.0,,,,,,,,,,,93861.0,9218.0,93861.0,,35000.0,,,-30125.0,-34942.0,,34942.0,-34942.0,0.0,793000.0,,,,0.0001,10000000.0,0.0,,,,,,,,,,,,,35000.0,,,,,-4050503.0,,,,-84643.0,,,,,,,,24142.0,52954.0,,,2390083.0
2013-07-31,2013-09-16,10-Q,PREVENTION INSURANCE COM INC,PVNC,CIK0001134982,USD,,,16799.0,,4228717.0,,,,4187.0,4187.0,,,4187.0,,4187.0,-5031.0,,,,,0.0001,100000000.0,2390083.0,2390083.0,239.0,,,,,,,,,,,,,,,,,,218111.0,80000.0,,0.0,,,,,,,7968.0,,,,,,,,-2063.0,,,,,,,,,,,96799.0,4187.0,96799.0,,5000.0,,,-10031.0,-7968.0,,,0.0,0.0,,,,,0.0001,10000000.0,0.0,,,,,,,,,,,,,10000.0,,,,5000.0,-4050503.0,,,,-92612.0,,,,,,,,24142.0,52954.0,,,2390083.0
2013-10-31,2013-12-16,10-Q,PREVENTION INSURANCE COM INC,PVNC,CIK0001134982,USD,,,15474.0,,4228717.0,,,,1039.0,1039.0,,,1039.0,,1039.0,,,,,,0.0001,100000000.0,2390081.0,2390081.0,239.0,,,,,,,,,,,,,,,,,,225934.0,86000.0,,0.0,,,,,,,7823.0,,,,,,,,,,,,,,,,,,,101474.0,1039.0,101474.0,,,,,,-7823.0,,,,,,,,,0.0001,10000000.0,0.0,,,,,,,,,,,,,,,,,,-4050503.0,,,,-100435.0,,,,,,,,2.0,52954.0,,,2390081.0
2014-01-31,2014-03-17,10-Q,PREVENTION INSURANCE COM INC,PVNC,CIK0001134982,USD,,,17788.0,,4228717.0,,,,2010.0,2010.0,,,2010.0,,2010.0,,,,,,0.0001,100000000.0,2390083.0,2390081.0,239.0,,,,,,,,,,,,,,,,,,236278.0,95000.0,,0.0,,,,,,,10344.0,,,,,,,,,,,,,,,,,,,112788.0,2010.0,112788.0,,,,,,-10344.0,,,,,,,,,0.0001,10000000.0,0.0,,,,,,,,,,,,,,,,,,-4050503.0,,,,-110779.0,,,,,,,,2.0,52954.0,,,2390081.0
2014-04-30,2014-07-29,10-K,PREVENTION INSURANCE COM INC,PVNC,CIK0001134982,USD,,,20333.0,,4228717.0,,,,1990.0,1990.0,,,1990.0,,1990.0,-7228.0,,,,,0.0001,100000000.0,2390083.0,2390081.0,239.0,,,,,,,,,,,,,0.0,,,,,243842.0,100000.0,,-0.01,0.0,0.35,-0.4,,0.05,,33700.0,,,,,,,,1472.0,,,,,,,,,,,120333.0,1990.0,120333.0,,25000.0,,,-32228.0,-33700.0,,33700.0,-33700.0,0.0,827000.0,,,,0.0001,10000000.0,0.0,0.0,,,,,,,,,,,,39000.0,-14000.0,,,,-4294345.0,,,,-118343.0,,,,,,,,2.0,52954.0,,,2390081.0
2014-07-31,2014-09-16,10-Q,PREVENTION INSURANCE COM INC,PVNC,CIK0001134982,USD,,,12299.0,,4228717.0,,,,7260.0,7260.0,,,7260.0,,7260.0,5270.0,,,,,0.0001,100000000.0,2390083.0,2390081.0,239.0,,,,,,,,,,,,,,,,,,,120000.0,,0.0,,,,,,,6696.0,,,,,,,,-8034.0,,,,,,,,,,,132299.0,7260.0,132299.0,,20000.0,,,-14730.0,-6696.0,,,-6696.0,0.0,,,,,0.0001,10000000.0,0.0,,,,,,,,,,,,,20000.0,,,,,-4301041.0,,,,-125039.0,,,,,,,,2.0,52954.0,,,2390083.0
2014-10-31,2014-12-15,10-Q,PREVENTION INSURANCE COM INC,PVNC,CIK0001134982,USD,,,17374.0,,4228717.0,,,,4429.0,4429.0,,,4429.0,,4429.0,,,,,,0.0001,100000000.0,2390083.0,2390081.0,239.0,,,,,,,,,,,,,,,,,,,125000.0,,-0.01,,,,,,,12906.0,,,,,,,,,,,,,,,,,,,142374.0,4429.0,142374.0,,,,,,-12906.0,,,-12906.0,0.0,,,,,0.0001,10000000.0,0.0,,,,,,,,,,,,,,,,,,-4313947.0,,,,-137945.0,,,,,,,,2.0,52954.0,,,2390081.0
2015-01-31,2015-03-25,10-Q,PREVENTION INSURANCE COM INC,PVNC,CIK0001134982,USD,,,24904.0,,4228717.0,,,,2966.0,2966.0,,,2966.0,,2966.0,,,,,,0.0001,100000000.0,2390083.0,2390081.0,239.0,,,,,,,,,,,,,,,,,,,127000.0,,0.0,,,,,,,10993.0,,,,,,,,,,,,,,,,,,,151904.0,2966.0,151904.0,,,,,,-10993.0,,,-10993.0,0.0,,,,,0.0001,10000000.0,0.0,,,,,,,,,,,,,,,,,,-4324940.0,,,,-148938.0,,,,,,,,2.0,52954.0,,,2390081.0
2015-04-30,2015-10-23,10-K,PREVENTION INSURANCE COM INC,PVNC,CIK0001134982,USD,,,14068.0,,4246217.0,,,,516.0,516.0,,,,,516.0,-1474.0,,,,,0.0001,100000000.0,2390083.0,2390081.0,239.0,,,,,17500.0,,,,,,0.01,0.06,17500.0,,,,,,127000.0,,-0.02,0.0,0.35,-0.4,,0.05,,39709.0,,,,,,,,-6265.0,,,,,,,,,,,141068.0,516.0,141068.0,,44500.0,,,-45974.0,-39709.0,,,-39709.0,0.0,867000.0,,,,0.0001,10000000.0,0.0,0.0,,,,,,,,,17500.0,17500.0,,27000.0,,,,,-4334054.0,,,,-140552.0,,,,,,,,2.0,52954.0,,,2390081.0
2015-07-31,2015-11-16,10-Q,PREVENTION INSURANCE COM INC,PVNC,CIK0001134982,USD,,,30933.0,,4246217.0,,,507.0,516.0,516.0,,,,,516.0,,,,,,0.0001,100000000.0,2390083.0,2390081.0,239.0,,,,,,507.0,,,,,,,16993.0,,,,,,127288.0,,-0.01,,,,,,,16865.0,,,,,,,,16865.0,,,-288.0,,,,,795.0,,,158728.0,516.0,158221.0,,,,,,-17660.0,,,-16865.0,0.0,,,,,0.0001,10000000.0,0.0,0.0,,,,,,,,,,,,,,,,,-4351714.0,,,,-158212.0,,,,,,,,2.0,52954.0,,,2390081.0
2015-10-31,2016-01-13,10-Q,PREVENTION INSURANCE COM INC,PVNC,CIK0001134982,USD,,,829.0,,4408217.0,,,,1654.0,1654.0,,,,,516.0,,,,,,,100000000.0,2390083.0,2390081.0,239.0,,,,,,4638.0,,,,,,,177039.0,,,,,,,,0.0,,,,,,,3758.0,,,,,,,,,,,,,,,,3843.0,,,5467.0,1654.0,829.0,,,,,,-7601.0,,,-3758.0,0.0,,,,,0.0001,10000000.0,0.0,0.0,,,,,,,,,,,,,,,,,-4359315.0,,,,-3813.0,,,,,,,,2.0,52954.0,,,2390081.0
2016-01-31,2016-03-21,10-Q,PREVENTION INSURANCE COM INC,PVNC,CIK0001134982,USD,,,4779.0,,4628907.0,,,,,,,,,,,,,,,,0.0001,100000000.0,22340083.0,22390081.0,2234.0,,,,,,,,,,,,,,,,,,,4256.0,,-0.02,,,,,,,29632.0,,,,,,,,,,,,,,,,198275.0,,,9035.0,,9035.0,,,,,,-227907.0,,,-29632.0,0.0,,,,,0.0001,10000000.0,,,,,,,,,,,,,,,,,,,-4587222.0,,,,-9035.0,,,,,,,,2.0,52954.0,,,14316711.0
2016-04-30,2016-08-15,10-K,PREVENTION INSURANCE COM INC,PVNC,CIK0001134982,USD,5242.0,,5242.0,,4640351.0,,,199500.0,,,,,,,,-516.0,,,,,0.0001,100000000.0,22340083.0,22340081.0,2234.0,,,,,,,,,199500.0,19950000.0,,,0.0,,,,,,11697.0,,-0.03,0.0,0.35,-0.4,0.5,0.05,,69603.0,,,,,,,,-8826.0,,,,3413.0,,,,202913.0,,,16939.0,,16939.0,,77913.0,,,-78429.0,-272516.0,,,-69603.0,0.0,940000.0,,,,0.0001,10000000.0,0.0,0.0,,,,,,,,,55000.0,,,23141.0,-228.0,,,228.0,-4606570.0,,,,-16939.0,,,,,,,,2.0,52954.0,,,10293770.0
2016-07-31,2016-09-14,10-Q,PREVENTION INSURANCE COM INC,PVNC,CIK0001134982,USD,,,17963.0,,4640351.0,,,,,,,,,,,,,,,,0.0001,100000000.0,22340083.0,22340081.0,2234.0,,,,,,,,,,,,,,,,,,,34902.0,,0.0,,,,0.5,,,35926.0,,,,,,,,12721.0,,,,,,,,,,,52865.0,,52865.0,,23205.0,,,-23205.0,-35926.0,,,-35926.0,0.0,,,,,0.0001,10000000.0,0.0,0.0,,,,,24465.0,,,,,,,23205.0,,,,,-4642496.0,,,,-52865.0,,,,,,,,2.0,52954.0,,,2340081.0
2016-10-31,2016-12-15,10-Q,PREVENTION INSURANCE COM INC,PVNC,CIK0001134982,USD,892.0,,,,4640351.0,,,,,,,,,,,,,,,,0.0001,100000000.0,22340083.0,22340081.0,2234.0,,,,,,,,,,,,,,,,,,,78182.0,,0.0,,,,,,,26209.0,,,,,,,,,,,,,,,,,,,79074.0,,79074.0,,,,,,-26209.0,,,-26209.0,,,,,,0.0001,10000000.0,,,,,,,,,,,,,,,,,,,-4668705.0,,,,-79074.0,,,,,,,,2.0,52954.0,,,22340081.0
2017-01-31,2017-03-21,10-Q,PREVENTION INSURANCE COM INC,PVNC,CIK0001134982,USD,7024.0,,,,4640351.0,,,,,,,,,,,,,,,,0.0001,100000000.0,22340083.0,22340081.0,2234.0,,,,,,,,,,,,,,,,,,,101693.0,,0.0,,,,,,,29643.0,,,,,,,,,,,,,,,,,,,108717.0,,108717.0,,,,,,-29643.0,,,-29643.0,,,,,,0.0001,10000000.0,,,,,,,,,,,,,,,,,,,-4698348.0,,,,-108717.0,,,,,,,,2.0,52954.0,,,22340081.0
2017-04-30,2017-08-14,10-K,PREVENTION INSURANCE COM INC,PVNC,CIK0001134982,USD,519.0,,519.0,,4640351.0,,,,,,,,,,0.0,,,,,,0.0001,100000000.0,22340083.0,22340081.0,2234.0,199500.0,,19950000.0,,,,,,,,,,,,,,,,141677.0,,-0.01,0.0,0.35,-0.4,0.5,0.05,,125257.0,,,,,,,,-4723.0,,,,,,,,,,,142196.0,,142196.0,,129980.0,,,-129980.0,-125257.0,,,-125257.0,,1265000.0,,,,0.0001,10000000.0,0.0,0.0,,,,,141677.0,,,,,,,129980.0,,,,,-4731827.0,,,,-142196.0,,,,,,,,2.0,52954.0,,,22340081.0
2017-07-31,2017-09-15,10-Q,PREVENTION INSURANCE COM INC,PVNC,CIK0001134982,USD,,,6000.0,,4640351.0,,,,15075.0,15075.0,,,,,,,,,,,0.0001,100000000.0,22340083.0,22340081.0,2234.0,,,,,,,,,,,,,,,,,,,178080.0,,0.0,,,,0.5,,,26809.0,,,,,,,,5481.0,5481.0,,,,,,15075.0,,,,184080.0,15075.0,184080.0,,36403.0,,,-36403.0,-26809.0,,,-26809.0,,,,,,0.0001,10000000.0,0.0,0.0,,,,15075.0,18575.0,,,,,,,36403.0,,,,,-4758636.0,,,,-169005.0,,,,,,,,2.0,52954.0,,,2340081.0
2017-10-31,2017-12-18,10-Q,PREVENTION INSURANCE COM INC,PVNC,CIK0001134982,USD,3392.0,,,,4640351.0,,,,8952.0,8952.0,,,,,,,,,,,0.0001,100000000.0,22340083.0,22340083.0,2234.0,,,,,,,,,,,,,,,,,,,207217.0,,0.0,,,,,,,32652.0,,-0.01,,,,,,,,,,,,,,,,,210609.0,8952.0,210609.0,,,,,,-32652.0,,,-32652.0,,,,,,0.0001,10000000.0,,,,,,8952.0,,,,,,,,,,,,,-4791288.0,,,,-201657.0,,,,,,,,2.0,52954.0,,,2234465.0
2018-01-31,2018-03-19,10-Q,PREVENTION INSURANCE COM INC,PVNC,CIK0001134982,USD,5900.0,,,,4640351.0,,,,5833.0,5833.0,,,,,,,,,,,0.0001,100000000.0,22340083.0,22340083.0,2234.0,,,,,,,,,,,,,,,,,,,229400.0,,0.0,,,,,,,27810.0,,-0.01,,,,,,,,,,,,,,,,,235300.0,5833.0,235300.0,,,,,,-27810.0,,,-27810.0,,,,,,0.0001,10000000.0,,,,,,5833.0,,,,,,,,,,,,,-4819098.0,,,,-229467.0,,,,,,,,2.0,52954.0,,,2234465.0
2018-04-30,2018-07-30,10-K,PREVENTION INSURANCE COM INC,PVNC,CIK0001134982,USD,8720.0,8720.0,8720.0,,4642362.0,4642362.0,,,3333.0,3333.0,,,0.0,,0.0,,0.0,,,,0.0001,200000000.0,2234466.0,2234466.0,223.0,,,,,,,,,,,,,,0.0,,,3333.0,,255025.0,255025.0,-0.05,,0.27,-0.35,0.5,0.05,,118216.0,,,-38008.0,0.0,,-373410.0,-31918.0,8201.0,,,,,,,-3333.0,,0.0,,263745.0,3333.0,263745.0,,113348.0,113348.0,,-113348.0,-118216.0,,,-118216.0,,373410.0,,,,0.0001,10000000.0,0.0,0.0,,,,3333.0,,,,113348.0,,,,113348.0,,-118216.0,,,-4850043.0,0.0,,,-260412.0,,,,,,,,2.0,52954.0,,6090.0,2234465.0
2018-07-31,2018-09-21,10-Q,PREVENTION INSURANCE COM INC,PVNC,CIK0001134982,USD,7477.0,,,,4640351.0,,,,833.0,833.0,,,,,,,,,,,0.0001,200000000.0,22340083.0,22340083.0,2234.0,,,,,,,,,,,,,,,,,,,285341.0,,-0.01,,,,,,,31573.0,,,,,,,,-1243.0,-1243.0,,,,,,2500.0,,,,292818.0,833.0,292818.0,,30316.0,,,-30216.0,-31573.0,,,-31573.0,,,,,,0.0001,10000000.0,0.0,0.0,,,,833.0,23791.0,30316.0,0.0,,,,,30316.0,,-31573.0,,,-4881616.0,,,,-291985.0,,,,,,,,2.0,52954.0,,,2234465.0
2018-10-31,2018-12-18,10-Q,PREVENTION INSURANCE COM INC,PVNC,CIK0001134982,USD,,23048.0,,,4642362.0,,,,10000.0,10000.0,,,,,,,,,,,,,,,223.0,,,,,,,,,,,,,,,,,10000.0,,,309132.0,-0.01,,,,,,,30195.0,,-0.01,,,,,,,,,,,,,,,,,332180.0,10000.0,332180.0,,,,,,-30195.0,,,-30195.0,,,,,,,,,,,,,,,,,,,,,,,-30195.0,,,-4911811.0,,,,-322180.0,,,,,,,,,-52954.0,,,2234565.0
2019-01-31,2019-03-14,10-Q,PREVENTION INSURANCE COM INC,PVNC,CIK0001134982,USD,,1850.0,,,4642362.0,,,,7000.0,7000.0,,,,,,,,,,,,,,,223.0,,,,,,,,,,,,,,,,,7000.0,,,335937.0,0.0,,,,,,,8607.0,,0.0,,,,,,,,,,,,,,,,,337787.0,7000.0,337787.0,,,,,,-8607.0,,,-8607.0,,,,,,,,,,,,,,,,,,,,,,,-8607.0,,,-4920418.0,,,,-330787.0,,,,,,,,,-52954.0,,,2234465.0
2019-04-30,2019-06-28,10-K,PREVENTION INSURANCE COM INC,PVNC,CIK0001134982,USD,2501.0,,2501.0,,4642362.0,4642362.0,,,4000.0,4000.0,,0.0,0.0,,0.0,0.0,0.0,,,0.0,0.0001,200000000.0,2234474.0,2234474.0,223.0,,,,,,,,,,,,,,0.0,308702.0,-308702.0,,,348920.0,,-0.04,,0.21,,,,0.0,87009.0,,,0.0,0.0,,-308702.0,18272.0,-6219.0,-6219.0,,,,,,-667.0,,0.0,,351421.0,4000.0,351421.0,,93895.0,93895.0,0.0,-93895.0,-87009.0,,,-87009.0,,1470000.0,-667.0,,,0.0001,10000000.0,0.0,0.0,0.0,0.0,4000.0,4000.0,,,0.0,93895.0,,,,93895.0,,-87009.0,,,-4937052.0,0.0,,,-347421.0,,,,,,,,1.0,52954.0,,-18272.0,2234474.0
2019-07-31,2019-09-18,10-Q,PREVENTION INSURANCE COM INC,PVNC,CIK0001134982,USD,,,534.0,,4648512.0,,,,1000.0,1000.0,,,,,0.0,0.0,,,,,0.0001,200000000.0,2234466.0,2234465.0,223.0,,,,,,,,,,,,,,,,,,,372823.0,,-0.01,,,,,,,31086.0,,,,0.0,,,,-1967.0,,,,,,,3000.0,,0.0,,373357.0,1000.0,373357.0,,30053.0,,,-30053.0,-31086.0,,,-31086.0,,,,,,0.0001,10000000.0,0.0,,,,,1000.0,,23903.0,6150.0,,,,,23903.0,,-31086.0,,,-4968138.0,0.0,,,-372357.0,,,,,,,,1.0,-52954.0,,,2234465.0
2019-10-31,2019-12-26,10-Q,PREVENTION INSURANCE COM INC,PVNC,CIK0001134982,USD,,,7117.0,,5016335.0,,,,200.0,100.0,,,,,100.0,,,,,,0.001,200000000.0,7234466.0,7234465.0,5223.0,372823.0,,,,,,,,,,,,,,,,,,31616.0,,-0.01,,,,,,,38999.0,,,,,,,,,,,,,,,,,,,38733.0,200.0,38733.0,,,,,,-38999.0,,,-38999.0,,,,,,0.001,10000000.0,0.0,0.0,,0.0,,,,,,,,,,,,-38999.0,,,-5007137.0,0.0,,,-38533.0,,,,,372823.0,,,1.0,-52954.0,,,4212487.0
2020-01-31,2020-05-12,10-Q,PREVENTION INSURANCE COM INC,PVNC,CIK0001134982,USD,,,29651.0,,5020835.0,,,,2152.0,2052.0,,,,,2052.0,,,,,,0.0001,20000000.0,7234466.0,7234465.0,723.0,,,,,,,,,,,,,,,,,,,43757.0,,0.0,,,,,,100.0,32723.0,,,,,,,,,,,,,,,,,,,73408.0,2152.0,73408.0,,,,,,-32723.0,,,-32723.0,,,,,,0.001,10000000.0,0.0,0.0,,,,,,,,,,,,,,-32723.0,,,-5039860.0,0.0,,,-71256.0,,,,,,,,,-52954.0,,,7234466.0
2020-04-30,2020-08-13,10-K,PREVENTION INSURANCE COM INC,PVNC,CIK0001134982,USD,36701.0,,,,5020835.0,,,,100.0,0.0,16.0,-16.0,0.0,0.0,0.0,0.0,,,,0.0,0.0001,200000000.0,7234474.0,7234473.0,723.0,372823.0,,,,,,,,,372823.0,,,,0.0,332206.0,332206.0,,,43757.0,,-0.02,,0.21,,,,100.0,111926.0,,,0.0,0.0,,,23504.0,,34200.0,,,,,,,,0.0,,80474.0,100.0,80474.0,100.0,73826.0,,-100.0,-73726.0,-111926.0,,,-111926.0,,1582000.0,4000.0,6150.0,100.0,0.0001,10000000.0,0.0,0.0,0.0,,0.0,0.0,,,6150.0,,,,,67660.0,,,,,-5048978.0,0.0,,,-80374.0,,,,,,,,1.0,52954.0,,-23504.0,5220775.0
2020-07-31,2021-07-01,10-Q,PREVENTION INSURANCE COM INC,PVNC,CIK0001134982,USD,34628.0,,,,5050769.0,,,,14188.0,14088.0,,,,,14088.0,14088.0,,,,,0.0001,200000000.0,7642211.0,7642210.0,764.0,,,,,,,,,,,,,,,,,,,43757.0,,0.0,,,,,,,13798.0,,,,0.0,0.0,,,-2073.0,,,,,,,0.0,,0.0,0.0,78385.0,14188.0,78385.0,100.0,29959.0,,,-15871.0,-13798.0,,,-13798.0,,,,,,0.0001,10000000.0,0.0,0.0,0.0,,,,,,0.0,,,,,0.0,,-13798.0,16.0,,-5062776.0,0.0,,,-64197.0,,,,,,,29975.0,1.0,52954.0,52954.0,,7413956.0
2020-10-31,2021-07-26,10-Q,PREVENTION INSURANCE COM INC,PVNC,CIK0001134982,USD,30500.0,,,,5050769.0,,,,6580.0,6480.0,0.0,,,,6480.0,,,,,,0.0001,200000000.0,7642211.0,7642210.0,764.0,,,,,,,,,,,,,,,,,,,63752.0,,0.0,,,,,,,23475.0,,,,,,,,,,,,,,,,,,,94252.0,6580.0,94252.0,100.0,,,,,-23475.0,,,-23475.0,,,,,,0.0001,10000000.0,0.0,0.0,0.0,,,,,,,,,,,,,,,,-5086251.0,0.0,,,-87672.0,,,,,,,,1.0,52954.0,,,7642210.0
2021-01-31,2021-08-23,10-Q,PREVENTION INSURANCE COM INC,PVNC,CIK0001134982,USD,29450.0,,,,5050769.0,,,,2541.0,2441.0,0.0,,,,2441.0,,,,,,0.0001,200000000.0,7642211.0,7642210.0,764.0,,,,,,,,,,,,,,,,,,,63752.0,,0.0,,,,,,,2989.0,,,,,,,,,,,,,,,,,,,93202.0,2541.0,93202.0,100.0,,,,,-2989.0,,,-2989.0,,,,,,0.0001,10000000.0,0.0,0.0,0.0,,,,,,,,,,,,,,,,-5089240.0,0.0,,,-90661.0,,,,,,,,1.0,52954.0,,,7642211.0
2021-04-30,2021-09-22,10-K,PREVENTION INSURANCE COM INC,PVNC,CIK0001134982,USD,28650.0,,,,5050769.0,,,,442.0,342.0,0.0,,342.0,342.0,342.0,342.0,,,,,0.0001,200000000.0,7642211.0,7642210.0,764.0,,,,,,,,,,,,,,0.0,340934.0,340934.0,,,63752.0,,-0.01,,0.21,,,,,41561.0,,,0.0,0.0,,,8728.0,,,,,,,,,,0.0,,92402.0,442.0,92402.0,100.0,49954.0,,0.0,-49612.0,-41561.0,,,-41561.0,,1624000.0,,,0.0,0.0001,10000000.0,0.0,0.0,0.0,,,,,,0.0,,,,,19995.0,,,,,-5090539.0,0.0,,,-91960.0,,,,,,,29975.0,1.0,52954.0,52954.0,-8728.0,7584587.0
2021-07-31,2021-09-28,10-Q,PREVENTION INSURANCE COM INC,PVNC,CIK0001134982,USD,28150.0,,,,5050769.0,,,,20263.0,20163.0,,,20163.0,,20163.0,19821.0,,,,,0.0001,200000000.0,7642211.0,7642210.0,764.0,,,,,,,,,,,,,,,,,,,94752.0,,0.0,,,,,,,10679.0,,,,,0.0,,,-500.0,,,,,,,,,,0.0,122902.0,20263.0,122092.0,100.0,31000.0,,,-11179.0,-10679.0,,,-10679.0,,,,,,0.0001,10000000.0,0.0,0.0,0.0,,,,,,,,,,,31000.0,,,0.0,,-5101218.0,0.0,,,-102639.0,,,,,,,,1.0,52954.0,,,7642210.0
2021-10-31,2021-12-13,10-Q,PREVENTION INSURANCE COM INC,PVNC,CIK0001134982,USD,25450.0,,,,5050769.0,,,,1917.0,1817.0,,,1817.0,,1817.0,,,,,,0.0001,200000000.0,7642211.0,7642210.0,764.0,,,,,,,,,,,,,,,,,,,100752.0,,0.0,,,,,,,21646.0,,,,,,,,,,,,,,,,,,,126202.0,1917.0,126202.0,100.0,,,,,-21646.0,,,-21646.0,,,,,,0.0001,10000000.0,0.0,0.0,0.0,,,,,,,,,,,,,,,,-5122864.0,0.0,,,-124285.0,,,,,,,,1.0,52954.0,,,7642210.0
