end,filed,form,Name,Ticker,CIK,Currency,AccountsPayableAndAccruedLiabilitiesCurrent,AccountsPayableAndOtherAccruedLiabilitiesCurrent,AccountsPayableCurrent,AccountsReceivableNet,AccountsReceivableRelatedParties,AccountsReceivableRelatedPartiesCurrent,AccrualForEnvironmentalLossContingencies,AccrualForEnvironmentalLossContingenciesNet,AccrualForTaxesOtherThanIncomeTaxesCurrentAndNoncurrent,AccruedIncomeTaxesCurrent,AccruedLiabilitiesCurrentAndNoncurrent,AccruedProfessionalFeesCurrent,AdditionalPaidInCapital,Assets,Cash,CashPeriodIncreaseDecrease,CommonStockCapitalSharesReservedForFutureIssuance,CommonStockParOrStatedValuePerShare,CommonStockSharesAuthorized,CommonStockSharesIssued,CommonStockSharesOutstanding,CommonStockValue,CommonStockValueOutstanding,ConvertibleDebt,ConvertibleDebtNoncurrent,ConvertibleSubordinatedDebt,ConvertibleSubordinatedDebtCurrent,ConvertibleSubordinatedDebtNoncurrent,CostOfRealEstateSales,CostsAndExpenses,DebtInstrumentCarryingAmount,DebtInstrumentDecreaseForgiveness,DebtInstrumentFaceAmount,DebtWeightedAverageInterestRate,DeferredCosts,DeferredTaxAssetsGoodwillAndIntangibleAssets,DeferredTaxAssetsLiabilitiesNet,DeferredTaxAssetsNet,DeferredTaxAssetsOperatingLossCarryforwards,DeferredTaxAssetsOther,DeferredTaxAssetsPropertyPlantAndEquipment,DeferredTaxAssetsTaxCreditCarryforwardsAlternativeMinimumTax,DeferredTaxAssetsValuationAllowance,DeferredTaxLiabilitiesOther,DepositAssets,DividendsPayableCurrent,DividendsPreferredStockStock,DueFromRelatedPartiesCurrent,DueToRelatedPartiesNoncurrent,EarningsPerShareBasic,EarningsPerShareBasicAndDiluted,EarningsPerShareDiluted,EffectiveIncomeTaxRateContinuingOperations,EffectiveIncomeTaxRateReconciliationAtFederalStatutoryIncomeTaxRate,EffectiveIncomeTaxRateReconciliationChangeInDeferredTaxAssetsValuationAllowance,EffectiveIncomeTaxRateReconciliationOtherAdjustments,EffectiveIncomeTaxRateReconciliationTaxSettlementsStateAndLocal,GainLossOnDispositionOfAssets,GainsLossesOnExtinguishmentOfDebt,GeneralAndAdministrativeExpense,GrossProfit,IncomeLossFromContinuingOperationsBeforeIncomeTaxesExtraordinaryItemsNoncontrollingInterest,IncomeTaxExpenseBenefit,IncomeTaxExpenseBenefitContinuingOperations,IncomeTaxesPaid,IncomeTaxReceivable,IncomeTaxReconciliationChangeInDeferredTaxAssetsValuationAllowance,IncomeTaxReconciliationIncomeTaxExpenseBenefitAtFederalStatutoryIncomeTaxRate,IncomeTaxReconciliationOtherAdjustments,IncomeTaxReconciliationStateAndLocalIncomeTaxes,IncreaseDecreaseInAccountsPayableAndAccruedLiabilities,IncreaseDecreaseInAccruedTaxesPayable,IncreaseDecreaseInDeferredCharges,IncreaseDecreaseInInterestAndDividendsReceivable,IncreaseDecreaseInInterestPayableNet,IncreaseDecreaseInNotesReceivableRelatedParties,IncreaseDecreaseInOtherReceivables,IncreaseDecreaseInPrepaidExpense,IncreaseDecreaseInPropertyAndOtherTaxesPayable,IncreaseDecreaseInRestrictedCash,InterestExpense,InterestExpenseRelatedParty,InterestIncomeOperating,InterestIncomeRelatedParty,InterestPayableCurrent,InterestPayableCurrentAndNoncurrent,InterestReceivable,InvestmentIncomeDividend,InvestmentIncomeInterest,Land,LandAndLandImprovements,LandAvailableForSale,LandImprovements,LegalFees,Liabilities,LiabilitiesAndStockholdersEquity,LongTermDebt,NetCashProvidedByUsedInFinancingActivities,NetCashProvidedByUsedInInvestingActivities,NetCashProvidedByUsedInOperatingActivities,NetIncomeLoss,NetIncomeLossAvailableToCommonStockholdersBasic,NetIncomeLossAvailableToCommonStockholdersDiluted,NotesPayable,NotesPayableCurrent,NotesPayableRelatedPartiesClassifiedCurrent,NotesReceivableRelatedParties,OperatingExpenses,OperatingLossCarryforwards,OperatingLossCarryforwardsValuationAllowance,OtherAssets,OtherAssetsCurrent,OtherIncome,OtherLongTermDebt,OtherNonoperatingIncomeExpense,OtherNotesPayable,PaymentsForOperatingActivities,PaymentsForOtherTaxes,PaymentsToAcquireNotesReceivable,PaymentsToAcquireOtherRealEstate,PreferredStockAmountOfPreferredDividendsInArrears,PreferredStockDividendsAndOtherAdjustments,PreferredStockLiquidationPreference,PreferredStockLiquidationPreferenceValue,PreferredStockParOrStatedValuePerShare,PreferredStockSharesAuthorized,PreferredStockSharesIssued,PreferredStockSharesOutstanding,PreferredStockValue,PreferredStockValueOutstanding,PrepaidExpenseCurrentAndNoncurrent,ProceedsFromInterestReceived,ProceedsFromOperatingActivities,ProceedsFromOtherOperatingActivities,ProceedsFromSaleAndCollectionOfNotesReceivable,ProceedsFromSaleOfPropertyHeldForSale,ProceedsFromSaleOfRealEstate,ProfessionalFees,RelatedPartyTransactionExpensesFromTransactionsWithRelatedParty,RepaymentOfNotesReceivableFromRelatedParties,RepaymentsOfRelatedPartyDebt,RestrictedCashAndCashEquivalents,RetainedEarningsAccumulatedDeficit,Revenues,SalesOfRealEstate,SalesRevenueNet,StockholdersEquity,SubordinatedDebt,TaxesExcludingIncomeAndExciseTaxes,WeightedAverageNumberDilutedSharesOutstandingAdjustment,WeightedAverageNumberOfDilutedSharesOutstanding,WeightedAverageNumberOfShareOutstandingBasicAndDiluted,WeightedAverageNumberOfSharesIssuedBasic,WeightedAverageNumberOfSharesOutstandingBasic
2009-12-31,2010-03-26,10-K,PGI INCORPORATED,PGAI,CIK0000081157,USD,,,,,,,,,,,,,,,1000.0,,,,,,,,,,,,,,,,,,,,,,,,,,,,,,,,,,,,,,,,,,,,,,,,,,,,,,,,,,,,,,,,,,,,,,,,,,,,,,,,,,,,,,,,,,,,,,,,,,,,,,,,,,,,,,,,,,,,,,,,,,,,,,,,,,,,,,,,,,,
2010-06-30,2010-08-04,10-Q,PGI INCORPORATED,PGAI,CIK0000081157,USD,,,,,,,,,,,,,,,1000.0,,,,,,,,,,,,,,0.0,1227000.0,,,,,,,,,,,,,,,,,,,,,-0.26,,,,,,,,,15000.0,,,,,,,,,,,,,,,,,,,,,1197000.0,,11000.0,,,,,,,,,,,,,,,,,,-1215000.0,,,,,,,,,,,,1000.0,,,,,,,,,,,,,,,,,,,,,,,,,2000.0,,,,,,12000.0,0.0,,,,3000.0,,,,,
2010-09-30,2010-11-09,10-Q,PGI INCORPORATED,PGAI,CIK0000081157,USD,,,,,,,,,,,,,,,2000.0,,,,,,,,,,,,,,0.0,1260000.0,,,,,,,,,,,,,,,,,,,,,-0.26,,,,,,,,,14000.0,,,,,,,,,,,,,,,,,,,,,1229000.0,,11000.0,,,,,,,,,,,,,,,,,,-1249000.0,,,,,,,,,,,,0.0,,,,,,,,,,,,,,,,,,,,,,,,,5000.0,,,,,,11000.0,0.0,,,,2000.0,,,,,
2010-12-31,2011-03-21,10-K,PGI INCORPORATED,PGAI,CIK0000081157,USD,,,,,,,,,9000.0,,26673000.0,,13498000.0,1539000.0,1000.0,0.0,,0.1,25000000.0,5317758.0,5317758.0,,532000.0,1500000.0,,9059000.0,,,0.0,4976000.0,,,,,,,,,,,,,,,,,,705000.0,,,-1.05,,,,,,,,,58000.0,,,,,,,,,,,-2000.0,,0.0,,1190000.0,,-4000.0,,-2000.0,,1190000.0,3664000.0,45000.0,,,17448000.0,,,,,,639000.0,,,59521000.0,1539000.0,,,76000.0,-76000.0,-4930000.0,,,1198000.0,,,,,,,189000.0,,1000.0,500000.0,,,-126000.0,13000.0,,,,,4.0,,1.0,5000000.0,2000000.0,2000000.0,,2000000.0,,49000.0,50000.0,1000.0,76000.0,,0.0,13000.0,,,,5000.0,-74012000.0,46000.0,0.0,,-57982000.0,,11000.0,,,,,
2011-03-31,2011-05-16,10-Q,PGI INCORPORATED,PGAI,CIK0000081157,USD,,,,,,,,,,,,,,,1000.0,0.0,,,,,,,,,,,,,1000.0,1329000.0,,,,,,,,,,,,,,,,,,,,,-0.28,,,,,,,,,16000.0,,,,,,,,,,,,,,,,,,,,,301000.0,997000.0,10000.0,,,,,,,,,,,,,,,,11000.0,-11000.0,-1303000.0,,,,,,,,,,,,,,,,,,,,,,,,,,,,,,,,,,11000.0,,,2000.0,,,,,,26000.0,16000.0,,,,2000.0,,,,,
2011-06-30,2011-08-12,10-Q,PGI INCORPORATED,PGAI,CIK0000081157,USD,,,,,,,,,4000.0,,,,13498000.0,1499000.0,1000.0,,,0.1,25000000.0,5317758.0,5317758.0,,532000.0,1500000.0,,9059000.0,,,0.0,1366000.0,,,,,,,,,,,,,,,,,-160000.0,669000.0,,,-0.28,,,,,,,,,15000.0,,,,,,,,,,,,,,,,,,,,,304000.0,1031000.0,11000.0,,,,,,,,,639000.0,,,62139000.0,1499000.0,,,,,-1355000.0,-1515000.0,,1198000.0,,,,,,,185000.0,,0.0,500000.0,,,,,,,,,4.0,,1.0,5000000.0,,,,2000000.0,,,,,,,,3000.0,,,,5000.0,-76670000.0,11000.0,0.0,,-60640000.0,,3000.0,,,5317758.0,,
2011-09-30,2011-11-14,10-Q,PGI INCORPORATED,PGAI,CIK0000081157,USD,,,,,,,,,6000.0,,,,13498000.0,1481000.0,1000.0,,,0.1,25000000.0,5317758.0,5317758.0,,532000.0,1500000.0,,9059000.0,,,0.0,1407000.0,,,,,,,,,,,,,,,,,-160000.0,639000.0,,,-0.29,,,,,,,,,17000.0,,,,,,,,,,,,,,,,,,,,,305000.0,1067000.0,10000.0,,,,,,,,,639000.0,,,63518000.0,1481000.0,,,,,-1397000.0,-1557000.0,,1198000.0,,,,,,,197000.0,,0.0,500000.0,,,,,,,,,,,1.0,5000000.0,,,,2000000.0,,,,,,,,6000.0,,,,5000.0,-78067000.0,10000.0,0.0,,-62037000.0,,2000.0,,,5317758.0,,
2011-12-31,2012-03-30,10-K,PGI INCORPORATED,PGAI,CIK0000081157,USD,118000.0,,1000.0,,,631000.0,,70000.0,8000.0,,30829000.0,36000.0,13498000.0,1469000.0,1000.0,0.0,,0.1,25000000.0,5317758.0,5317758.0,532000.0,532000.0,1500000.0,,9059000.0,,,1000.0,5539000.0,,,,,,,0.0,172000.0,16902000.0,12000.0,56000.0,,-16825000.0,172000.0,184000.0,,-640000.0,631000.0,579000.0,-1.15,-1.15,-1.15,0.0,-0.34,0.185,0.195,-0.04,,,63000.0,,,,0.0,,,1015000.0,-1864000.0,1068000.0,-219000.0,-3000.0,-1000.0,-4000.0,1219000.0,4198000.0,,0.0,0.0,-1000.0,,1219000.0,4198000.0,40000.0,,,18605000.0,1000.0,,,625000.0,639000.0,639000.0,14000.0,,64934000.0,1469000.0,12257000.0,,74000.0,-74000.0,-5483000.0,-6123000.0,,1198000.0,,,630000.0,,44478000.0,,193000.0,5000.0,0.0,500000.0,,1698000.0,130000.0,9000.0,,1000.0,,,,,1.0,5000000.0,2000000.0,2000000.0,2000000.0,2000000.0,4000.0,40000.0,56000.0,0.0,74000.0,,16000.0,9000.0,,,-74000.0,5000.0,-79495000.0,56000.0,16000.0,,-63465000.0,,9000.0,5317758.0,5317758.0,,5317758.0,
2012-03-31,2012-05-14,10-Q,PGI INCORPORATED,PGAI,CIK0000081157,USD,,,,,,,,,2000.0,,31961000.0,,13498000.0,1439000.0,1000.0,0.0,,0.1,25000000.0,5317758.0,5317758.0,,532000.0,1500000.0,,9059000.0,,,0.0,1485000.0,,,,,,,,,,,,,,,,,-160000.0,543000.0,,,-0.31,,,,,,,,,18000.0,,,,,,,,,,,,,,,,,,,,,309000.0,1142000.0,8000.0,,,18898000.0,1000.0,,,625000.0,639000.0,639000.0,14000.0,,66381000.0,1439000.0,,,26000.0,-26000.0,-1477000.0,-1637000.0,,1198000.0,,,542000.0,,,,189000.0,,,500000.0,,,,,,,,,,,1.0,5000000.0,2000000.0,2000000.0,,2000000.0,,,,,26000.0,,,4000.0,,,,5000.0,-80972000.0,8000.0,0.0,,-64942000.0,,2000.0,,,5317758.0,,5317758.0
2012-06-30,2012-08-13,10-Q,PGI INCORPORATED,PGAI,CIK0000081157,USD,200000.0,,4000.0,,,,,70000.0,4000.0,,33132000.0,25000.0,13498000.0,1408000.0,1000.0,,,0.1,25000000.0,5317758.0,5317758.0,,532000.0,1500000.0,,9059000.0,,,0.0,1612000.0,,,,,,,,172.0,18073.0,12.0,56.0,,-17996.0,172.0,184000.0,,-160000.0,578000.0,,,-0.33,,,,,,,,,106000.0,,,,,,,,,,,,,,,,,,,,,311000.0,1181000.0,7000.0,,,19194000.0,1000.0,,,625.0,639.0,639000.0,14.0,,67955000.0,1408000.0,12257000.0,,,,-1605000.0,-1765000.0,,1198000.0,,,577000.0,,,,185000.0,1000.0,,500000.0,,,,,,,,,,,1.0,5000000.0,2000000.0,2000000.0,,2000000.0,,,,,,,,1000.0,,,,5000.0,-82577000.0,7000.0,0.0,,-66547000.0,,3000.0,,,5317758.0,,5317758.0
2012-09-30,2012-11-14,10-Q,PGI INCORPORATED,PGAI,CIK0000081157,USD,203000.0,,0.0,,,,,70000.0,6000.0,,34344000.0,30000.0,13498000.0,1390000.0,1000.0,,,0.1,25000000.0,5317758.0,5317758.0,,532000.0,1500000.0,,9059000.0,,,0.0,1566000.0,,,,,,,0.0,172.0,18667.0,12.0,56.0,,-18590.0,172.0,184000.0,,-160000.0,557000.0,,,-0.32,,,,,,,,,18000.0,,,,,,,,,,,,,,,,,,,,,313000.0,1223000.0,7000.0,,,19492000.0,0.0,,,625.0,639.0,639000.0,14.0,,69496000.0,1390000.0,12257000.0,,,,-1559000.0,-1719000.0,,1198000.0,,,557000.0,,,,188000.0,1000.0,,500000.0,,,,,,,,,,,1.0,5000000.0,2000000.0,2000000.0,,2000000.0,3000.0,,,,,,,1000.0,,,,5000.0,-84136000.0,7000.0,0.0,,-68106000.0,,2000.0,,,5317758.0,,5317758.0
2012-12-31,2013-03-29,10-K,PGI INCORPORATED,PGAI,CIK0000081157,USD,211000.0,,0.0,,,543000.0,70000.0,70000.0,8000.0,,35598000.0,36000.0,13498000.0,1375000.0,1000.0,0.0,6319540.0,0.1,25000000.0,5317758.0,5317758.0,532000.0,532000.0,1500000.0,,9059000.0,,,0.0,6275000.0,,,,,,56000.0,0.0,172000.0,18029000.0,12000.0,56.0,,-17952000.0,172000.0,184000.0,,-640000.0,543000.0,579000.0,-1.29,-1.29,-1.29,0.0,-0.34,0.18,0.2,-0.04,,,159000.0,,,,0.0,,,1127000.0,-2124000.0,1247000.0,-250000.0,93000.0,0.0,4000.0,1248000.0,4811000.0,,,2000.0,,,1248000.0,4811000.0,29000.0,,2896000.0,19792000.0,1000.0,,,625000.0,639000.0,639000.0,14000.0,9000.0,71086000.0,1375000.0,12257000.0,,88000.0,-88000.0,-6246000.0,-6886000.0,,1198000.0,,,542000.0,,47445000.0,,187000.0,1000.0,,500000.0,,1698000.0,117000.0,,,0.0,11315000.0,,,,1.0,2000000.0,2000000.0,2000000.0,2000000.0,2000000.0,2000.0,29000.0,29000.0,,,,,9000.0,,,-88000.0,5000.0,-85741000.0,29000.0,0.0,,-69711000.0,,9000.0,5317758.0,5317758.0,,5317758.0,
2013-03-31,2013-05-14,10-Q,PGI INCORPORATED,PGAI,CIK0000081157,USD,215000.0,,4000.0,,,,,70000.0,2000.0,,36897000.0,34000.0,13498000.0,1343000.0,1000.0,,,0.1,25000000.0,5317758.0,5317758.0,,532000.0,1500000.0,,9059000.0,,,,1659000.0,,,,,,,,172000.0,18658000.0,12000.0,56000.0,,-18581000.0,172000.0,184000.0,,-160000.0,512000.0,,,-0.34,,,,,,,,,19000.0,,,,,,,,,,,,,,,,,,,,,316000.0,1308000.0,4000.0,,,20092000.0,,,,625000.0,639000.0,639000.0,14000.0,,72709000.0,1343000.0,12257000.0,,30000.0,-30000.0,-1655000.0,-1815000.0,,1198000.0,,,512000.0,,,,186000.0,1000.0,,500000.0,,,,,,,,,,,1.0,5000000.0,2000000.0,2000000.0,,2000000.0,1000.0,,,,30000.0,,,4000.0,,,,5000.0,-87396000.0,4000.0,,,-71366000.0,,2000.0,,,5317758.0,,5317758.0
2013-06-30,2013-08-14,10-Q,PGI INCORPORATED,PGAI,CIK0000081157,USD,206000.0,,2000.0,,,,70000.0,,4000.0,,,25000.0,13498000.0,1306000.0,1000.0,,,0.1,25000000.0,5317758.0,5317758.0,,532000.0,1500000.0,,9059000.0,,,,1707000.0,,,,,,,0.0,172.0,19305.0,12.0,56.0,,-19228.0,172.0,184000.0,,-160000.0,476000.0,,,-0.35,,,,,,,,,19000.0,,,,,,,,,,,,,,,,,,,,,318000.0,1355000.0,4000.0,,2927000.0,20395000.0,1000.0,,,625.0,639.0,639000.0,14.0,,74375000.0,1306000.0,12257000.0,,,,-1703000.0,-1863000.0,,1198000.0,,,475000.0,,,,185000.0,1000.0,,,,,,,,,,,,,1.0,5000000.0,2000000.0,2000000.0,,2000000.0,0.0,,,,,,,3000.0,,,,5000.0,-89099000.0,4000.0,,,-73069000.0,,2000.0,,,5317758.0,,
2013-09-30,2013-11-14,10-Q,PGI INCORPORATED,PGAI,CIK0000081157,USD,212000.0,,1000.0,,,,70000.0,,6000.0,,,30000.0,13498000.0,1289000.0,1000.0,,,0.1,25000000.0,5317758.0,5317758.0,,532000.0,1500000.0,,9059000.0,,,,1750000.0,,,,,,,0.0,172.0,19969.0,12.0,56.0,,-19892.0,172.0,184000.0,,-160000.0,457000.0,,,-0.36,,,,,,,,0.0,16000.0,,,,,,,,,,,,,,,,,,,,,320000.0,1402000.0,4000.0,,2942000.0,20700000.0,1000.0,,,625.0,639.0,639000.0,14.0,,76104000.0,1289000.0,12257000.0,,,,-1746000.0,-1906000.0,,1198000.0,,,456000.0,,,,187000.0,1000.0,,,,,,,,,,,,,1.0,5000000.0,2000000.0,2000000.0,,2000000.0,2000.0,,,,,,,1000.0,,,,5000.0,-90845000.0,4000.0,,,-74815000.0,,2000.0,,,5317758.0,,
2013-12-31,2014-03-31,10-K,PGI INCORPORATED,PGAI,CIK0000081157,USD,219000.0,,0.0,,440000.0,,70000.0,,8000.0,,,36000.0,13498000.0,1271000.0,1000.0,,6319540.0,0.1,25000000.0,5317758.0,5317758.0,532000.0,532000.0,1500000.0,,9059000.0,,,,6920000.0,,,,0.061,,56000.0,0.0,172000.0,20653000.0,12000.0,,,-20576000.0,172000.0,184000.0,,-640000.0,440000.0,,-1.42,-1.42,-1.42,,-0.34,0.38,0.0,-0.04,,,70000.0,,,,,,,2624000.0,-2347000.0,,-277000.0,8000.0,,1000.0,1277000.0,5515000.0,,,,,,1277000.0,5515000.0,16000.0,16000.0,,21007000.0,,,,625000.0,639000.0,639000.0,14000.0,9000.0,77886000.0,1271000.0,12257000.0,,103000.0,-103000.0,-6904000.0,-7544000.0,,1198000.0,,,440000.0,,54349000.0,,186000.0,1000.0,0.0,,,1698000.0,119000.0,,,,11955000.0,,,,1.0,5000000.0,2000000.0,2000000.0,2000000.0,2000000.0,1000.0,-16000.0,-16000.0,,,,,10000.0,5000.0,,-103000.0,5000.0,-92645000.0,16000.0,,,-76615000.0,,9000.0,5317758.0,5317758.0,,5317758.0,
2014-03-31,2014-05-14,10-Q,PGI INCORPORATED,PGAI,CIK0000081157,USD,224000.0,,9000.0,,,,70000.0,,2000.0,,,30000.0,13498000.0,1239000.0,1000.0,,,0.1,25000000.0,5317758.0,5317758.0,,532000.0,1500000.0,,9059000.0,,,,1858000.0,,,,,,56.0,,172.0,21358.0,12.0,,,-21281.0,172.0,184000.0,,-160000.0,408000.0,,,-0.38,,,,,,,,,19000.0,,,,,,,,,,,,,,,,,,,,,323000.0,1500000.0,4000.0,,,2973000.0,,,,625.0,639.0,639000.0,14.0,,79708000.0,1239000.0,12257000.0,,32000.0,-32000.0,-1854000.0,-2014000.0,,1198000.0,,,,,,,186000.0,1000.0,,,,,,,,,,,,,1.0,5000000.0,2000000.0,2000000.0,,2000000.0,1000.0,,,,32000.0,,,4000.0,,,,5000.0,-94499000.0,4000.0,,,-78469000.0,,2000.0,,,5317758.0,,
2014-06-30,2014-08-14,10-Q,PGI INCORPORATED,PGAI,CIK0000081157,USD,213000.0,,1000.0,,,,70000.0,,4000.0,,,25000.0,13498000.0,1200000.0,1000.0,,,0.1,25000000.0,5317758.0,5317758.0,,532000.0,1500000.0,,9059000.0,,,,1912000.0,,,,,,56000.0,0.0,172000.0,22083000.0,12000.0,,,-22006000.0,172000.0,184000.0,,-160000.0,370000.0,,,-0.39,,,,,,,,0.0,19000.0,,,,,,,,,,,,,,,,,,,,,326000.0,1553000.0,3000.0,,,2989000.0,,,,625000.0,639000.0,639000.0,14000.0,,81578000.0,1200000.0,12257000.0,,,,-1909000.0,-2609000.0,,1198000.0,,,370000.0,,,,185000.0,1000.0,,,,,,,,,,,,,1.0,5000000.0,2000000.0,2000000.0,,2000000.0,0.0,,,,,,,3000.0,,,,5000.0,-96408000.0,3000.0,,,-80378000.0,,2000.0,,,5317758.0,,
2014-09-30,2014-11-14,10-Q,PGI INCORPORATED,PGAI,CIK0000081157,USD,218000.0,,5000.0,,,,64000.0,,6000.0,,,30000.0,13498000.0,1048000.0,1000.0,,,0.1,25000000.0,5317758.0,5317758.0,,532000.0,1500000.0,,8589000.0,,,,836000.0,,,,,,56000.0,0.0,172000.0,22860000.0,12000.0,,,-22783000.0,172000.0,52000.0,,-160000.0,348000.0,,,-0.19,,,,,,,,1217000.0,106000.0,,,,,,,,,,,,,,,,,,,,,327000.0,1607000.0,3000.0,,,3004000.0,,,,625000.0,639000.0,639000.0,14000.0,,82259000.0,1048000.0,11787000.0,,,,-833000.0,-993000.0,,1198000.0,,,348000.0,,,,55000.0,1000.0,,,,,,,,,,,,,1.0,5000000.0,2000000.0,2000000.0,,2000000.0,2000.0,,,,,,,1000.0,,,,5000.0,-97241000.0,3000.0,,,-81211000.0,,3000.0,,,5317758.0,,
2014-12-31,2015-03-31,10-K,PGI INCORPORATED,PGAI,CIK0000081157,USD,229000.0,,6000.0,,332000.0,,64000.0,,8000.0,,,38000.0,13498000.0,1028000.0,1000.0,,6319540.0,0.1,25000000.0,5317758.0,5317758.0,532000.0,532000.0,1500000.0,527000.0,8552000.0,,,,6528000.0,,460000.0,507000.0,0.061,,56000.0,0.0,172000.0,23127000.0,12000.0,,,23047000.0,172000.0,48000.0,,-640000.0,332000.0,,-1.34,-1.34,-1.34,,0.34,0.38,0.0,0.04,,1313000.0,163000.0,,,,,,,2471000.0,-2214000.0,3000.0,-260000.0,10000.0,,,1296000.0,1296000.0,,,,,,1297000.0,6322000.0,12000.0,12000.0,,21389000.0,,,,625000.0,639000.0,639000.0,14000.0,17000.0,84155000.0,1028000.0,11750000.0,,108000.0,-108000.0,-6512000.0,-7152000.0,,1198000.0,,,,,60861000.0,,51000.0,1000.0,4000.0,,,1698000.0,124000.0,,,,12595000.0,,,,1.0,5000000.0,2000000.0,2000000.0,2000000.0,2000000.0,2000.0,12000.0,16000.0,,,,,12000.0,5000.0,108000.0,-108000.0,5000.0,-99157000.0,16000.0,,,-83127000.0,,9000.0,5317758.0,5317758.0,,5317758.0,
2015-03-31,2015-05-15,10-Q,PGI INCORPORATED,PGAI,CIK0000081157,USD,240000.0,,17000.0,,,,61000.0,,2000.0,,,37000.0,13498000.0,994000.0,1000.0,0.0,,0.1,25000000.0,5317758.0,5317758.0,,532000.0,1500000.0,,8481000.0,,,,1890000.0,,,71000.0,,,56000.0,,172000.0,23844000.0,12000.0,,,-23764000.0,172000.0,42000.0,,-160000.0,305000.0,,,-0.38,,,,,,,,185000.0,19000.0,,,,,,,,,,,,,,,,,,,,,320000.0,1720000.0,3000.0,,,3035000.0,,,,625000.0,639000.0,639000.0,14000.0,,86008000.0,994000.0,11679000.0,,27000.0,-27000.0,-1887000.0,-2047000.0,,1198000.0,,,,,,,44000.0,1000.0,,,,,,,,,,,,,1.0,5000000.0,2000000.0,2000000.0,,2000000.0,1000.0,,,,27000.0,,,4000.0,,,,5000.0,-101044000.0,3000.0,,,-85014000.0,,3000.0,,,5317758.0,,
2015-06-30,2015-08-14,10-Q,PGI INCORPORATED,PGAI,CIK0000081157,USD,220000.0,,12000.0,,,,51000.0,,4000.0,,,32000.0,13498000.0,942000.0,1000.0,,,0.1,25000000.0,5317758.0,5317758.0,,532000.0,1500000.0,,8472000.0,,,0.0,2115000.0,,,80000.0,,,56000.0,0.0,172000.0,24647000.0,12000.0,,,-24567000.0,172000.0,41000.0,,-160000.0,255000.0,,-0.43,-0.43,-0.43,,,,,,,24000.0,22000.0,,,,,,,,,,,,,,,,,,,,,323000.0,1780000.0,2000.0,,,3050000.0,,,,625000.0,639000.0,639000.0,14000.0,,88069000.0,942000.0,11670000.0,,,,-2113000.0,-2273000.0,,1198000.0,,,,,,,42000.0,1000.0,,,,,,,,,,,,,1.0,5000000.0,2000000.0,2000000.0,,2000000.0,0.0,,,,,,,2000.0,,,,5000.0,-103157000.0,2000.0,,0.0,-87127000.0,,2000.0,,10386223.0,5317758.0,,5317758.0
2015-09-30,2015-11-13,10-Q,PGI INCORPORATED,PGAI,CIK0000081157,USD,197000.0,,1000.0,,,,30000.0,,6000.0,,,38000.0,13498000.0,891000.0,1000.0,,,0.1,25000000.0,5317758.0,5317758.0,,532000.0,1500000.0,,8472000.0,,,0.0,2197000.0,,,80000.0,,,56000.0,0.0,172000.0,25481000.0,12000.0,,,-25401000.0,172000.0,41000.0,,160000.0,202000.0,,-0.44,-0.44,-0.44,,,,,,,0.0,18000.0,,,,,,,,,,,,,,,,,,,,,324000.0,1842000.0,0.0,,,3066000.0,,,,625000.0,639000.0,639000.0,14000.0,,90213000.0,891000.0,11670000.0,,,,-2195000.0,-2355000.0,,1198000.0,,,,,,,44000.0,1000.0,,,,,,,,,,,,,1.0,5000000.0,2000000.0,2000000.0,,2000000.0,2000.0,,,,,,,2000.0,,,,5000.0,-105352000.0,2000.0,0.0,,-89322000.0,,2000.0,,5317758.0,5317758.0,,5317758.0
2015-12-31,2016-03-22,10-K,PGI INCORPORATED,PGAI,CIK0000081157,USD,202000.0,,7000.0,,178000.0,,25000.0,,8000.0,,,40000.0,13498000.0,867000.0,1000.0,0.0,6319540.0,0.1,25000000.0,5317758.0,5317758.0,532000.0,532000.0,1500000.0,447000.0,8472000.0,,,0.0,8467000.0,,73000.0,80000.0,0.061,,56000.0,0.0,172000.0,26342000.0,12000.0,,0.0,26247000.0,172000.0,41000.0,,640000.0,178000.0,,-1.71,-1.71,-1.71,0.0,0.34,0.38,0.0,0.04,,209000.0,79000.0,,,0.0,,,,3199000.0,-2876000.0,15000.0,-338000.0,-27000.0,,,,1293000.0,,,,,0.0,1293000.0,7249000.0,0.0,8000.0,,22484000.0,,0.0,8000.0,625000.0,639000.0,639000.0,14000.0,,92453000.0,867000.0,11670000.0,0.0,154000.0,-154000.0,-8459000.0,-9099000.0,-9099000.0,1198000.0,,,,,69127000.0,,44000.0,1000.0,,,,1698000.0,-162000.0,,,,13235000.0,0.0,,,1.0,5000000.0,2000000.0,2000000.0,2000000.0,2000000.0,2000.0,8000.0,8000.0,,,0.0,,9000.0,,154000.0,0.0,5000.0,-107616000.0,8000.0,0.0,,-91586000.0,,9000.0,5317758.0,5317758.0,,5317758.0,
2016-03-31,2016-05-12,10-Q,PGI INCORPORATED,PGAI,CIK0000081157,USD,216000.0,,18000.0,,,,25000.0,,2000.0,,,36000.0,13498000.0,840000.0,1000.0,0.0,,0.1,25000000.0,5317758.0,5317758.0,,532000.0,1500000.0,447000.0,8472000.0,,,,2337000.0,,,,,,56000.0,0.0,172000.0,27230000.0,12000.0,,,27135000.0,172000.0,41000.0,,160000.0,149000.0,,,-0.47,,,,,,,,0.0,20000.0,,-2336000.0,0.0,,,,,,,,,,,,,,,,,,328000.0,1973000.0,0.0,,,3098000.0,,,,625000.0,639000.0,639000.0,14000.0,,94762000.0,840000.0,11670000.0,,29000.0,-29000.0,-2336000.0,-2496000.0,,1198000.0,,,,,,,46000.0,4000.0,,,,,,,,,,,,,1.0,5000000.0,2000000.0,2000000.0,,2000000.0,1000.0,,,,29000.0,,,5000.0,,,,5000.0,-109952000.0,1000.0,,,-93922000.0,,2000.0,,,5317758.0,,
2016-06-30,2016-08-15,10-Q,PGI INCORPORATED,PGAI,CIK0000081157,USD,209000.0,,4000.0,,,,21000.0,,2000.0,,,31000.0,13498000.0,1128000.0,1071000.0,,,0.1,25000000.0,5317758.0,5317758.0,,532000.0,,447000.0,8472000.0,,,745000.0,2971000.0,,,0.0,,,56000.0,0.0,172000.0,24938000.0,12000.0,,74000.0,24917000.0,172000.0,41000.0,,160000.0,0.0,,1.1,,0.6,,,,,,,0.0,20000.0,,6030000.0,0.0,,,,,,,,,,,,,,,,,,330000.0,1859000.0,0.0,,,3114000.0,,,,14000.0,14000.0,14000.0,,,89020000.0,1128000.0,9670000.0,,,,6030000.0,5870000.0,,1198000.0,,,,,,,43000.0,1000.0,,,,,,,,,,,,,1.0,5000000.0,2000000.0,2000000.0,,2000000.0,1000.0,,,,,,,6000.0,,,,0.0,-103922000.0,9001000.0,9000000.0,9000000.0,-87892000.0,,2000.0,,10386223.0,,,5317758.0
2016-09-30,2016-11-09,10-Q,PGI INCORPORATED,PGAI,CIK0000081157,USD,199000.0,,8000.0,,,,21000.0,,4000.0,,,34000.0,13498000.0,1087000.0,1030000.0,,,0.1,25000000.0,5317758.0,5317758.0,,532000.0,,447000.0,8472000.0,,,0.0,365000.0,,,0.0,,,56000.0,0.0,172000.0,25077000.0,12000.0,,67000.0,25049000.0,172000.0,41000.0,13715000.0,160000.0,0.0,,-0.1,,-0.1,,,,,,,0.0,18000.0,,-364000.0,0.0,,,,,,,,,,,,,,,,,,332000.0,0.0,1000.0,,,3130000.0,,,,0.0,14000.0,14000.0,14000.0,,89343000.0,1087000.0,9670000.0,,,,-364000.0,-524000.0,,1198000.0,,,,,,,43000.0,2000.0,,,,,,,,,,,,,1.0,5000000.0,2000000.0,2000000.0,,2000000.0,0.0,,,,,,,4000.0,,,,0.0,-104286000.0,1000.0,0.0,,-88256000.0,,1000.0,,5317758.0,,,5317758.0
2016-12-31,2017-03-31,10-K,PGI INCORPORATED,PGAI,CIK0000081157,USD,230000.0,,26000.0,,0.0,0.0,19000.0,,4000.0,0.0,,46000.0,13498000.0,1014000.0,958000.0,957000.0,3756000.0,0.1,25000000.0,5317758.0,5317758.0,532000.0,532000.0,,447000.0,8472000.0,,,747000.0,6117000.0,,0.0,,0.059,1000.0,56000.0,0.0,0.0,25240000.0,0.0,,0.0,25303000.0,0.0,41000.0,,640000.0,0.0,,0.42,,0.35,0.0,-0.34,-0.32,0.0,-0.04,,0.0,87000.0,8258000.0,2892000.0,0.0,,0.0,0.0,-944000.0,986000.0,2000.0,116000.0,24000.0,,,0.0,1324000.0,,,,,-5000.0,1324000.0,3832000.0,2000.0,2000.0,,23743000.0,,2000.0,4000.0,0.0,14000.0,14000.0,14000.0,,89708000.0,1014000.0,9670000.0,-2000000.0,183000.0,2774000.0,2892000.0,2252000.0,2252000.0,1198000.0,,,0.0,,66420000.0,,42000.0,1000.0,,,,1198000.0,-6235000.0,,,,13875000.0,640000.0,,,1.0,5000000.0,2000000.0,2000000.0,2000000.0,2000000.0,0.0,,,,,9000000.0,,83000.0,,178000.0,2000000.0,0.0,-104724000.0,9009000.0,9005000.0,,-88694000.0,,6000.0,9950176.0,5317758.0,,5317758.0,
2017-03-31,2017-05-15,10-Q,PGI INCORPORATED,PGAI,CIK0000081157,USD,225000.0,,30000.0,,,,17000.0,,1000.0,57000.0,,37000.0,13498000.0,950000.0,894000.0,-64000.0,,0.1,25000000.0,5317758.0,5317758.0,,532000.0,,,8472000.0,,,,393000.0,,,,,1000.0,56000.0,0.0,,25411000.0,,,,25474000.0,,41000.0,14035000.0,160000.0,,,,-0.11,,,,,,,,,25000.0,,-392000.0,57000.0,,,,,,,,,,,,,,,,,,336000.0,0.0,1000.0,,,3163000.0,,,,,,14000.0,14000.0,,90093000.0,950000.0,9670000.0,,0.0,-64000.0,-449000.0,-609000.0,,1198000.0,,,,,,,42000.0,,,,,,,,,,,,,,1.0,5000000.0,2000000.0,,,2000000.0,,,,,0.0,,,21000.0,,,,,-105173000.0,1000.0,,,-89143000.0,,1000.0,,,5317758.0,,
2017-06-30,2017-08-14,10-Q,PGI INCORPORATED,PGAI,CIK0000081157,USD,184000.0,,1000.0,,,500000.0,4000.0,,2000.0,,,37000.0,13498000.0,820000.0,245000.0,,,0.1,25000000.0,5317758.0,5317758.0,,532000.0,,,8472000.0,,,0.0,374000.0,,,,,2000.0,56000.0,0.0,,25552000.0,,,,25615000.0,,41000.0,14195000.0,160000.0,,,-0.1,-0.1,-0.1,,,,,,,0.0,21000.0,,-373000.0,0.0,,,18000.0,,,,,,,,,,,,,,,339000.0,0.0,0.0,,,3181000.0,,,,,,14000.0,14000.0,,90336000.0,820000.0,9670000.0,,,,-373000.0,-533000.0,,1198000.0,,,500000.0,,,,43000.0,,,,,,,,,,,,,,1.0,5000000.0,2000000.0,,,2000000.0,,,,,,,,4000.0,,,,,-105546000.0,1000.0,0.0,,-89516000.0,,1000.0,,9514130.0,5317758.0,,5317758.0
2017-09-30,2017-11-13,10-Q,PGI INCORPORATED,PGAI,CIK0000081157,USD,194000.0,,6000.0,,,567000.0,0.0,,3000.0,,,43000.0,13498000.0,807000.0,166000.0,,,0.1,25000000.0,5317758.0,5317758.0,,532000.0,,,8472000.0,,,0.0,373000.0,,,,,,56000.0,0.0,,25691000.0,,,,25754000.0,,,14355000.0,160000.0,,,-0.1,-0.1,-0.1,,,,,,,0.0,19000.0,,-366000.0,0.0,,,18000.0,,,,,,,,,,,,,,,341000.0,0.0,1000.0,,,3200000.0,,,,,,14000.0,14000.0,,90688000.0,807000.0,9670000.0,,,,-366000.0,-526000.0,,1198000.0,,,560000.0,,,,1000.0,,,,,,,,,,,,,,1.0,5000000.0,2000000.0,,,2000000.0,,,,,,,,2000.0,,,,,-105911000.0,7000.0,0.0,,-89881000.0,,2000.0,,,5317758.0,,5317758.0
2017-12-31,2018-03-23,10-K,PGI INCORPORATED,PGAI,CIK0000081157,USD,209000.0,,15000.0,0.0,573000.0,573000.0,0.0,,4000.0,,,47000.0,13498000.0,788000.0,159000.0,-799000.0,3756000.0,0.1,25000000.0,5317758.0,5317758.0,532000.0,532000.0,,,8472000.0,,,0.0,1524000.0,,0.0,,0.06,,37000.0,0.0,0.0,16948000.0,,,57000.0,17042000.0,,41000.0,,640000.0,573000.0,,-0.41,,-0.41,0.03,0.34,0.41,0.0,0.04,,,95000.0,0.0,-1509000.0,57000.0,,57000.0,,623000.0,-513000.0,7000.0,-60000.0,-21000.0,0.0,,-13000.0,1361000.0,,,,,0.0,1360000.0,0.0,2000.0,13000.0,,25032000.0,,2000.0,15000.0,,14000.0,14000.0,14000.0,,91048000.0,788000.0,9670000.0,0.0,-560000.0,-239000.0,-1566000.0,-2206000.0,-2206000.0,1198000.0,,,560000.0,,67793000.0,,42000.0,1000.0,,,,1198000.0,-241000.0,,,,14515000.0,0.0,,8000000.0,1.0,5000000.0,2000000.0,2000000.0,2000000.0,2000000.0,,,,,,,,27000.0,,-560000.0,0.0,,-106290000.0,15000.0,0.0,,-90260000.0,447000.0,5000.0,5317758.0,5317758.0,5317758.0,5317758.0,
2018-03-31,2018-05-11,10-Q,PGI INCORPORATED,PGAI,CIK0000081157,USD,193000.0,,3000.0,,,0.0,,,1000.0,,,39000.0,13498000.0,728000.0,683000.0,524000.0,,0.1,25000000.0,5317758.0,5317758.0,,532000.0,,,8354000.0,,,,48000.0,,,,,,37000.0,0.0,,17042000.0,,,,17136000.0,,,14675000.0,160000.0,,,,-0.04,,,,,,,,332000.0,21000.0,,-43000.0,0.0,,,,,,,,,,,,,,,,,,345000.0,,1000.0,,,3237000.0,,,,,,14000.0,14000.0,,91031000.0,728000.0,9670000.0,,560000.0,-36000.0,-43000.0,-203000.0,,1198000.0,,,0.0,,,,1000.0,,,,,,,,,,,,,,1.0,5000000.0,2000000.0,,,2000000.0,,,,,560000.0,,,4000.0,,,,,-106997000.0,5000.0,,,-90967000.0,,1000.0,,,5317758.0,,
2018-06-30,2018-08-20,10-Q,PGI INCORPORATED,PGAI,CIK0000081157,USD,198000.0,,11000.0,5000.0,0.0,5000.0,,,2000.0,,,36000.0,13498000.0,676000.0,629000.0,,,0.1,25000000.0,5317758.0,5317758.0,,532000.0,,,8315000.0,,,,291000.0,,,,,,37000.0,0.0,,17031000.0,,,57000.0,17125000.0,,,14835000.0,160000.0,,,,-0.08,,,,,,,,111000.0,20000.0,,-290000.0,0.0,,,,,,,,,,,,,,,,,,347000.0,,1000.0,,,3257000.0,,,,,,14000.0,14000.0,,91269000.0,676000.0,9513000.0,,,,-290000.0,-450000.0,,1198000.0,,,0.0,,,,1000.0,,0.0,,,,,,,,,,,8000000.0,1.0,5000000.0,2000000.0,2000000.0,,2000000.0,,,,,,,,24000.0,,,,,-106623000.0,1000.0,,,-90593000.0,290000.0,2000.0,,,5317758.0,,
2018-09-30,2018-11-09,10-Q,PGI INCORPORATED,PGAI,CIK0000081157,USD,253000.0,,57000.0,,0.0,0.0,,,3000.0,,,43000.0,13498000.0,635000.0,607000.0,,,0.1,25000000.0,5317758.0,5317758.0,,532000.0,,,8163000.0,,,,-1000.0,,,,,,37000.0,0.0,,17031000.0,,,57000.0,17125000.0,,,14995000.0,160000.0,,,,-0.03,,,,,,,,432000.0,33000.0,,1000.0,0.0,,,,,,,,,,,,,,,,,,347000.0,,0.0,,,3278000.0,,,,,,14000.0,14000.0,,91227000.0,635000.0,9361000.0,,,,1000.0,-159000.0,,1198000.0,,,0.0,,,,1000.0,,0.0,,,,,,,,,,,8000000.0,1.0,5000000.0,2000000.0,2000000.0,,2000000.0,,,,,,,,41000.0,,,,,-106622000.0,0.0,,,-90592000.0,138000.0,1000.0,,,5317758.0,,
2018-12-31,2019-02-25,10-K,PGI INCORPORATED,PGAI,CIK0000081157,USD,230000.0,,18000.0,,,,,,0.0,,,43000.0,13498000.0,553000.0,526000.0,367000.0,3756000.0,0.1,25000000.0,5317758.0,5317758.0,532000.0,532000.0,,,8163000.0,,,,743000.0,,-875000.0,,0.068,,37000.0,0.0,0.0,17119000.0,,,57000.0,17213000.0,,13000.0,,640000.0,0.0,,-0.26,,-0.26,0.0,0.21,0.25,0.0,0.04,,,94000.0,,-736000.0,0.0,,0.0,,184000.0,-155000.0,0.0,-29000.0,21000.0,-4000.0,,13000.0,1388000.0,,,,,,1388000.0,,2000.0,5000.0,,25744000.0,,2000.0,7000.0,,14000.0,14000.0,14000.0,,91549000.0,553000.0,9361000.0,,560000.0,-193000.0,-736000.0,-1376000.0,,1198000.0,,,,,68476000000.0,,13000.0,0.0,0.0,,,1198000.0,-213000.0,,,,15155000.0,,,8000000.0,1.0,5000000.0,2000000.0,2000000.0,2000000.0,2000000.0,,,,,,,,95000.0,,560000.0,,,-107026000.0,7000.0,,,-90996000.0,,5000.0,,,5317758.0,,
2019-03-31,2019-05-15,10-Q,PGI INCORPORATED,PGAI,CIK0000081157,USD,175000.0,,11000.0,,,,,,1000.0,,,9000.0,13498000.0,446000.0,419000.0,-107000.0,,0.1,25000000.0,5317758.0,5317758.0,,532000.0,,,8163000.0,,,,404000.0,,,,,,37000.0,0.0,,17312000.0,,,57000.0,17406000.0,,,15315000.0,160000.0,,,,-0.11,,,,,,,,0.0,15000.0,,,,,,,,,,,,,,,,,,,,,350000.0,,1000.0,,,3321000.0,,,,,,14000.0,14000.0,,91845000.0,446000.0,9361000.0,,0.0,-107000.0,-403000.0,-563000.0,,1198000.0,,,,,,,,,,,,,,,,,,,,8000000.0,1.0,5000000.0,2000000.0,2000000.0,,2000000.0,,,,,0.0,,,29000.0,,,,,-107429000.0,1000.0,,,-91399000.0,,1000.0,,,5317758.0,,
2019-06-30,2019-08-14,10-Q,PGI INCORPORATED,PGAI,CIK0000081157,USD,175000.0,,10000.0,,,,,,2000.0,,,10000.0,13498000.0,408000.0,381000.0,,,0.1,25000000.0,5317758.0,5317758.0,,532000.0,,,8163000.0,,,,395000.0,,,,,,37000.0,0.0,,17325000.0,,,57000.0,17419000.0,,,,160000.0,,,,-0.1,,,,,,,,0.0,14000.0,,,,,,,,,,,,,,,,,,,,,353000.0,,0.0,,,3343000.0,,,,,,14000.0,14000.0,,92199000.0,408000.0,9361000.0,,,,-392000.0,-552000.0,,1198000.0,,,,,,,,,3000.0,,,,,,,,,,,8000000.0,1.0,5000000.0,2000000.0,2000000.0,,2000000.0,,,,,,,,18000.0,,,,,-107821000.0,3000.0,,,-91791000.0,,1000.0,,,5317758.0,,
2019-09-30,2019-11-12,10-Q,PGI INCORPORATED,PGAI,CIK0000081157,USD,167000.0,,0.0,,,,,,3000.0,,,12000.0,13498000.0,363000.0,336000.0,,,0.1,25000000.0,5317758.0,5317758.0,,532000.0,,,8163000.0,,,,392000.0,,0.0,,,,37000.0,0.0,,17424000.0,,,57000.0,17518000.0,,,,160000.0,,,,-0.1,,,,,,,,0.0,12000.0,,,,,,,,,,,,,,,,,,,,,354000.0,,0.0,,,3365000.0,,,,,,14000.0,14000.0,,92546000.0,363000.0,,,,,-392000.0,-552000.0,,1198000.0,,,,,,,,,0.0,,,,,,,,,,,8000000.0,1.0,5000000.0,2000000.0,2000000.0,,2000000.0,,,,,,,,16000.0,,,,,-108213000.0,0.0,,,-92183000.0,,1000.0,,,5317758.0,,
2019-12-31,2020-03-12,10-K,PGI INCORPORATED,PGAI,CIK0000081157,USD,169000.0,0.0,0.0,,,,,,0.0,,,13000.0,13498000.0,336000.0,309000.0,-217000.0,3756000.0,0.1,25000000.0,5317758.0,5317758.0,532000.0,532000.0,,,8163000.0,,,,1572000.0,138000.0,0.0,0.0,0.0715,,37000.0,0.0,0.0,17522000.0,,,57000.0,17616000.0,,13000.0,15955000.0,640000.0,,,-0.42,-0.42,-0.42,0.0,0.21,0.25,0.0,0.04,,,55000.0,,-1568000.0,0.0,,,,403000.0,-338000.0,0.0,-65000.0,-61000.0,0.0,,0.0,1412000.0,,,,,,1412000.0,0.0,1000.0,0.0,,27070000.0,,1000.0,,,14000.0,14000.0,14000.0,,92900000.0,336000.0,,,0.0,-217000.0,-1568000.0,-2208000.0,,1198000.0,,,,,70074000.0,,13000.0,,3000.0,,,1198000.0,221000.0,,,,15795000.0,,,8000000.0,1.0,5000000.0,2000000.0,2000000.0,2000000.0,2000000.0,,,,,,,,65000.0,,0.0,,,-108594000.0,4000.0,,,-92564000.0,,5000.0,,,5317758.0,,
2020-03-31,2020-06-29,10-Q,PGI INCORPORATED,PGAI,CIK0000081157,USD,191000.0,,34000.0,,,,,,1000.0,,,1000.0,13498000.0,315000.0,288000.0,-21000.0,,0.1,25000000.0,5317758.0,5317758.0,,532000.0,,,8163000.0,,,,399000.0,,,,,,37000.0,0.0,,17625000.0,,,57000.0,17719000.0,,,15955000.0,160000.0,,,,-0.11,,,,,,,,,4000.0,,,,,,,,,,,,,,,,,,,,,355000.0,,0.0,,,3404000.0,,,,,,14000.0,14000.0,,93278000.0,315000.0,,,,-21000.0,-399000.0,-559000.0,,1198000.0,,,,,,,,,,,,,,,,,,,,8000000.0,1.0,5000000.0,2000000.0,2000000.0,,2000000.0,,,,,,,,30000.0,,,,,-108993000.0,0.0,,,-92963000.0,,1000.0,,,5317758.0,,
2020-06-30,2020-08-14,10-Q,PGI INCORPORATED,PGAI,CIK0000081157,USD,161000.0,,5000.0,,,,,,2000.0,,,2000.0,13498000.0,261000.0,234000.0,,,0.1,25000000.0,5317758.0,5317758.0,,532000.0,,,8163000.0,,,,378000.0,,,,,,37000.0,0.0,,17719000.0,,,57000.0,17813000.0,,,16115000.0,160000.0,,,,-0.1,,,,,,,0.0,,10000.0,0.0,,,,,,,,,,,,,,,,,,,,353000.0,,0.0,,,3419000.0,,,,,,14000.0,14000.0,,93602000.0,261000.0,,,,,-378000.0,-538000.0,,1198000.0,,,,378000.0,,,,,0.0,,0.0,,,,,,,,,8000000.0,1.0,5000000.0,2000000.0,2000000.0,,2000000.0,,,,,,,,5000.0,,,,,-109371000.0,0.0,,,-93341000.0,,1000.0,,,5317758.0,,
2020-09-30,2020-11-13,10-Q,PGI INCORPORATED,PGAI,CIK0000081157,USD,159000.0,,2000.0,,,,,,3000.0,,,3000.0,13498000.0,108000.0,94000.0,,,0.1,25000000.0,5317758.0,5317758.0,,532000.0,,,8025000.0,,,,-40000.0,0.0,-410000.0,138000.0,,,37000.0,0.0,,17708000.0,,,57000.0,17802000.0,,,16275000.0,160000.0,,,,-0.02,,,,,,,0.0,,6000.0,,,,,,,,,,,,,,,,,,,,,354000.0,,0.0,,,3435000.0,,,,,,14000.0,14000.0,,93407000.0,108000.0,,,,,42000.0,-118000.0,,1198000.0,,,,,,,,,2000.0,,2000.0,,,,,,,,,8000000.0,1.0,5000000.0,2000000.0,2000000.0,,2000000.0,,,,,,,,1000.0,,,,,-109329000.0,2000.0,,,-93299000.0,,1000.0,,,5317758.0,,
2020-12-31,2021-03-31,10-K,PGI INCORPORATED,PGAI,CIK0000081157,USD,160000.0,4000.0,3000.0,,,,,,4000.0,,,3000.0,13498000.0,95000.0,81000.0,-228000.0,3756000.0,0.1,25000000.0,5317758.0,5317758.0,532000.0,532000.0,,,8025000.0,8025000.0,8025000.0,,1107000.0,,-410000.0,,0.0544,,37000.0,0.0,0.0,17801000.0,,,57000.0,17895000.0,,0.0,,640000.0,,,-0.33,-0.33,-0.33,0.0,0.21,-0.25,0.0,0.04,,,25000.0,,,0.0,,,,279000.0,-234000.0,0.0,-45000.0,-9000.0,4000.0,,,1292000.0,,,,,,1417000.0,125000.0,0.0,,3450000.0,3450000.0,,0.0,,,14000.0,14000.0,14000.0,,93764000.0,95000.0,,,,-228000.0,-1105000.0,-1745000.0,,1198000.0,1198000.0,52790000.0,,,70080000.0,70080000.0,0.0,,2000.0,,,1198000.0,230000.0,,,,16435000.0,,,8000000.0,1.0,5000000.0,2000000.0,2000000.0,2000000.0,2000000.0,,,,,,,,36000.0,,,,,-109699000.0,2000.0,,,-93669000.0,,5000.0,,,5317758.0,,
2021-03-31,2021-05-14,10-Q,PGI INCORPORATED,PGAI,CIK0000081157,USD,158000.0,,0.0,,,,,,2000.0,,,4000.0,13498000.0,78000.0,64000.0,-17000.0,,0.1,25000000.0,5317758.0,5317758.0,,532000.0,,,8025000.0,,,,369000.0,,,,,,37000.0,0.0,,17893000.0,,,57000.0,17987000.0,,,16595000.0,160000.0,,,,-0.1,,,,,,,,,6000.0,,,,,,,,,,,,,,,,,,,,,356000.0,,,,,3465000.0,,,,,,14000.0,14000.0,,94116000.0,78000.0,,,,-17000.0,-369000.0,-529000.0,,1198000.0,,,,,,,,,,,,,,,,,,,,8000000.0,1.0,5000000.0,2000000.0,2000000.0,,2000000.0,,,,,,,,0.0,,,,,-110068000.0,0.0,,,-94038000.0,,1000.0,,,5317758.0,,
2021-06-30,2021-08-13,10-Q,PGI INCORPORATED,PGAI,CIK0000081157,USD,156000.0,,0.0,,,,,,3000.0,,,2000.0,13498000.0,78000.0,64000.0,,,0.1,25000000.0,5317758.0,5317758.0,532000.0,,,,,28820000.0,8025000.0,,,,,,,,37000.0,0.0,,17983000.0,,,57000.0,18077000.0,,,16755000.0,160000.0,,,,-0.1,,,,,,,10000.0,,5000.0,14000.0,,,,,,,,,,,,,,,,,,,,358000.0,,,,,3481000.0,,,,,,14000.0,14000.0,,94473000.0,78000.0,,,,,-357000.0,-517000.0,,,1198000.0,52790000.0,,371000.0,,,,,,,4000.0,,,,,,,,,8000000.0,1.0,5000000.0,2000000.0,2000000.0,2000000.0,,,,,,,,,0.0,,,,,-110425000.0,,,,-94395000.0,,2000.0,,,5317758.0,,
2021-09-30,2021-11-15,10-Q,PGI INCORPORATED,PGAI,CIK0000081157,USD,157000.0,,0.0,,,,,,4000.0,,,3000.0,13498000.0,64000.0,50000.0,,,0.1,25000000.0,5317758.0,5317758.0,532000.0,,,,,8025000.0,8025000.0,,376000.0,,,,,,37000.0,0.0,,18077000.0,,,57000.0,18171000.0,,,16915000.0,160000.0,,,,-0.1,,,,,,,0.0,,8000.0,,,,,,,,,,,,,,,,,,,,,360000.0,,,,3496000.0,,,,,,,14000.0,14000.0,,94835000.0,64000.0,,,,,-376000.0,-536000.0,,,1198000.0,,,,,,,,,,0.0,,,,,,,,,8000000.0,1.0,5000000.0,2000000.0,2000000.0,2000000.0,,,,,,,,,1000.0,,,,,-110801000.0,0.0,,,-94771000.0,,1000.0,,,5317758.0,,
