end,filed,form,Name,Ticker,CIK,Currency,AccountsPayableCurrent,AccountsReceivableRelatedPartiesCurrent,AccruedBonusesCurrent,AdditionalPaidInCapital,AdjustmentsToAdditionalPaidInCapitalOther,AdjustmentsToAdditionalPaidInCapitalSharebasedCompensationRequisiteServicePeriodRecognitionValue,Assets,AssetsCurrent,Cash,CashAndCashEquivalentsAtCarryingValue,CashAndCashEquivalentsPeriodIncreaseDecrease,CashPeriodIncreaseDecrease,CommonStockParOrStatedValuePerShare,CommonStockSharesAuthorized,CommonStockSharesIssued,CommonStockSharesOutstanding,CommonStockValue,ContractsRevenue,DebtConversionOriginalDebtAmount1,DeferredCompensationArrangementWithIndividualCommonStockReservedForFutureIssuance,DeferredCompensationArrangementWithIndividualCompensationExpense,DeferredCompensationArrangementWithIndividualExercisePrice,DeferredTaxAssetsGross,DeferredTaxAssetsOperatingLossCarryforwards,DeferredTaxAssetsOperatingLossCarryforwardsDomestic,DeferredTaxAssetsOperatingLossCarryforwardsSubjectToExpiration,DeferredTaxAssetsTaxDeferredExpenseReservesAndAccrualsAccruedLiabilities,DeferredTaxAssetsTaxDeferredExpenseReservesAndAccrualsProvisionForLoanLosses,DeferredTaxAssetsValuationAllowance,Depreciation,DevelopmentStageEnterpriseDeficitAccumulatedDuringDevelopmentStage,DueToOfficersOrStockholdersCurrent,DueToOfficersOrStockholdersNoncurrent,DueToRelatedPartiesCurrent,DueToRelatedPartiesNoncurrent,EarningsPerShareBasic,EarningsPerShareBasicAndDiluted,EffectiveIncomeTaxRateReconciliationAtFederalStatutoryIncomeTaxRate,EmployeeServiceShareBasedCompensationNonvestedAwardsTotalCompensationCostNotYetRecognized,EmployeeServiceShareBasedCompensationNonvestedAwardsTotalCompensationCostNotYetRecognizedStockOptions,ExtraordinaryItemGainOrLossNetOfTaxAttributableToReportingEntity,ExtraordinaryItemsGross,FeesAndCommissions,GainLossOnDispositionOfAssets,GainLossOnDispositionOfAssets1,GainLossOnSaleOfOtherAssets,GainsLossesOnSalesOfAssets,GeneralAndAdministrativeExpense,IncomeLossBeforeExtraordinaryItemsAndCumulativeEffectOfChangeInAccountingPrinciple,IncomeLossFromContinuingOperationsBeforeIncomeTaxesExtraordinaryItemsNoncontrollingInterest,IncomeTaxExpenseBenefit,IncomeTaxExpenseBenefitContinuingOperations,IncomeTaxesPaid,IncomeTaxesPaidNet,IncomeTaxReconciliationChangeInDeferredTaxAssetsValuationAllowance,IncomeTaxReconciliationIncomeTaxExpenseBenefitAtFederalStatutoryIncomeTaxRate,IncomeTaxReconciliationNondeductibleExpenseShareBasedCompensationCost,IncreaseDecreaseInAccountsPayable,IncreaseDecreaseInAccountsReceivable,IncreaseDecreaseInAccruedLiabilities,IncreaseDecreaseInOtherAccruedLiabilities,IncreaseDecreaseInPrepaidExpense,InterestExpense,InterestPaid,InterestPaidNet,InvestmentIncomeInterest,IssuanceOfStockAndWarrantsForServicesOrClaims,Liabilities,LiabilitiesAndStockholdersEquity,LiabilitiesCurrent,LiabilitiesNoncurrent,NetCashProvidedByUsedInFinancingActivities,NetCashProvidedByUsedInFinancingActivitiesContinuingOperations,NetCashProvidedByUsedInInvestingActivities,NetCashProvidedByUsedInInvestingActivitiesContinuingOperations,NetCashProvidedByUsedInOperatingActivities,NetCashProvidedByUsedInOperatingActivitiesContinuingOperations,NetIncomeLoss,OperatingExpenses,OperatingIncomeLoss,OperatingLossCarryforwards,OtherAssetsCurrent,OtherCostAndExpenseOperating,OtherExpenses,OtherExtraordinaryGainLoss,OtherIncome,OtherOperatingIncomeExpenseNet,OtherSalesRevenueNet,PaidInKindInterest,PaymentsToAcquireProductiveAssets,PreferredStockParOrStatedValuePerShare,PreferredStockSharesAuthorized,PreferredStockSharesIssued,PreferredStockSharesOutstanding,PreferredStockValue,ProceedsFromIssuanceOfCommonStock,ProceedsFromRelatedPartyDebt,ProceedsFromRepaymentsOfRelatedPartyDebt,ProceedsFromSaleOfOtherProductiveAssets,ProfitLoss,ProvisionForDoubtfulAccounts,ProvisionForOtherCreditLosses,RelatedPartyTransactionRate,RepaymentsOfNotesPayable,Revenues,SalariesAndWages,ShareBasedCompensation,ShareBasedCompensationArrangementByShareBasedPaymentAwardDiscountFromMarketPriceOfferingDate,ShareBasedCompensationArrangementByShareBasedPaymentAwardFairValueAssumptionsExercisePrice,ShareBasedCompensationArrangementByShareBasedPaymentAwardFairValueAssumptionsExpectedDividendRate,ShareBasedCompensationArrangementByShareBasedPaymentAwardFairValueAssumptionsExpectedVolatilityRate,ShareBasedCompensationArrangementByShareBasedPaymentAwardFairValueAssumptionsRiskFreeInterestRate,ShareBasedCompensationArrangementByShareBasedPaymentAwardOptionsExercisableNumber,ShareBasedCompensationArrangementByShareBasedPaymentAwardOptionsExercisableWeightedAverageExercisePrice,ShareBasedCompensationArrangementByShareBasedPaymentAwardOptionsForfeituresInPeriod,ShareBasedCompensationArrangementByShareBasedPaymentAwardOptionsGrantsInPeriod,ShareBasedCompensationArrangementByShareBasedPaymentAwardOptionsGrantsInPeriodGross,ShareBasedCompensationArrangementByShareBasedPaymentAwardOptionsOutstandingIntrinsicValue,ShareBasedCompensationArrangementByShareBasedPaymentAwardOptionsOutstandingNumber,ShareBasedCompensationArrangementByShareBasedPaymentAwardOptionsOutstandingWeightedAverageExercisePrice,ShareBasedCompensationArrangementByShareBasedPaymentAwardOptionsVestedAndExpectedToVestOutstandingNumber,ShareBasedCompensationArrangementByShareBasedPaymentAwardOptionsVestedAndExpectedToVestOutstandingWeightedAverageExercisePrice,ShareBasedCompensationArrangementsByShareBasedPaymentAwardOptionsGrantsInPeriodWeightedAverageExercisePrice,SharebasedCompensationArrangementBySharebasedPaymentAwardOptionsExercisableIntrinsicValue1,StockGrantedDuringPeriodValueSharebasedCompensation,StockholdersEquity,StockIssuedDuringPeriodSharesAcquisitions,StockIssuedDuringPeriodSharesStockOptionsExercised,StockIssuedDuringPeriodValueConversionOfConvertibleSecurities,StockIssuedDuringPeriodValueIssuedForCash,StockIssuedDuringPeriodValueNewIssues,StockIssuedDuringPeriodValueOther,StockIssuedDuringPeriodValuePurchaseOfAssets,StockIssuedDuringPeriodValueRestrictedStockAwardGross,WeightedAverageNumberDilutedSharesOutstandingAdjustment,WeightedAverageNumberOfDilutedSharesOutstanding,WeightedAverageNumberOfShareOutstandingBasicAndDiluted,WeightedAverageNumberOfSharesOutstandingBasic
2008-12-31,2009-03-30,10-K,GAMEPLAN INC,ABIT,CIK0001095146,USD,,,,,,95745.0,,,,,,,,,,,,,,,,,,,,,,,,,,,,,,,,,,,,,,,,,,,,,,,,,,,,,,,,,,,,,,,,,,,,,,,,,,,,,,,,,,,,,,,,,,,,,,-222875.0,,,,,,,,,,,,,,,,,,,,,,,,,,-853219.0,,,,,,,,,,,,
2009-12-31,2010-03-31,10-K,GAMEPLAN INC,ABIT,CIK0001095146,USD,,,,,,15958.0,,,,115.0,,,,,,,,,,,,,,,,,,,,,,,,,,,,,,,,,,,,,,,,,,,,,,,,,,,,,,,,,,,,,,,,,,,,,,,,,,,,,,,,,,,,,,,,,,-112522.0,,,,,,,,,,,,,,,,,,,,,,,,,,-949783.0,,,,,,,,,,,,
2010-06-30,2010-08-16,10-Q,GAMEPLAN INC,ABIT,CIK0001095146,USD,,,,,,,,,,48.0,,,,,,,,0.0,,,,,,,,,,,,,,,,,,-0.03,,,,,0.0,,0.0,,,,0.0,7858.0,-52952.0,-52952.0,0.0,,,,,,,,,,,,-21158.0,,,0.0,,,,,,,,,,,,-52952.0,31794.0,-31794.0,,,,,0.0,0.0,-21158.0,0.0,,,,,,,,,,,,,,,,,0.0,,23936.0,,,,,,,,,,,,,,,,,,,,,,,,,,,,,1522500.0,,1522500.0
2010-09-30,2010-11-12,10-Q,GAMEPLAN INC,ABIT,CIK0001095146,USD,,,,,,,,,,90.0,,,,,,,,0.0,,,,,,,,,,,,,,,,,,-0.03,,,,,0.0,,0.0,,,,0.0,1732.0,-47333.0,-47333.0,0.0,,,,,,,,,,,,-21664.0,,,0.0,,,,,,,,,,,,-47333.0,25669.0,-25669.0,,,,,0.0,0.0,-21664.0,0.0,,,,,,,,,,,,,,,,,0.0,,23937.0,,,,,,,,,,,,,,,,,,,,,,,,,,,,,1522500.0,,1522500.0
2010-12-31,2011-03-31,10-K,GAMEPLAN INC,ABIT,CIK0001095146,USD,1726.0,,12500.0,948716.0,,95745.0,27.0,27.0,27.0,27.0,-88.0,,0.001,250000000.0,1522500.0,1522500.0,1523.0,0.0,0.0,,,,,,,,,,,0.0,-2009307.0,,,,1044869.0,,-0.13,,,,0.0,,0.0,,,0.0,0.0,23980.0,-205030.0,-205030.0,0.0,,0.0,,,,,-294.0,,85305.0,0.0,,85305.0,0.0,,0.0,0.0,1059095.0,27.0,14226.0,1044869.0,24186.0,,0.0,,-24274.0,,-205030.0,119725.0,-119725.0,,,,-85305.0,0.0,0.0,,0.0,0.0,0.0,0.001,0.0,0.0,0.0,0.0,0.0,,24186.0,0.0,-205030.0,,0.0,,0.0,0.0,95745.0,95745.0,,,,,,,,,,,,250000.0,2.0,,,,,,-1059068.0,,,,,,,,,,1522500.0,,1522500.0
2011-03-31,2011-05-12,10-Q,GAMEPLAN INC,ABIT,CIK0001095146,USD,,,,,,,,,58.0,,,31.0,,,,,,0.0,0.0,,,,,,,,,,,0.0,,,,,,,-0.04,,,,0.0,0.0,0.0,,,0.0,0.0,6352.0,-53525.0,-53525.0,0.0,,0.0,,,,,4557.0,,23237.0,0.0,,23237.0,0.0,,0.0,0.0,,,,,1826.0,,0.0,,-1795.0,,-53525.0,30288.0,-30288.0,,,,,,0.0,-23237.0,0.0,0.0,0.0,,,,,,0.0,,1826.0,0.0,,,0.0,,0.0,0.0,,23936.0,,,,,,,,,,,,,,,,,,,,,,,,,,,,,,1522500.0,
2011-06-30,2011-08-12,10-Q,GAMEPLAN INC,ABIT,CIK0001095146,USD,1494.0,,12500.0,996587.0,,,0.0,0.0,0.0,0.0,,,0.001,250000000.0,1522500.0,1522500.0,1523.0,0.0,,,,,,,,,,,,,-2122267.0,,,,1110163.0,-0.04,-0.04,,,,0.0,0.0,0.0,0.0,,,0.0,11492.0,-59435.0,-59435.0,0.0,,,,,,,,,,,,24007.0,,,0.0,,1124157.0,0.0,13994.0,1110163.0,,,,,,,-59435.0,35428.0,-35428.0,,,,,0.0,0.0,-24007.0,0.0,,,0.001,50000000.0,0.0,0.0,0.0,,,,,,,,,,0.0,,23936.0,,,,,,,,,,,,,,,,,,,-1124157.0,,,,,,,,,,1522500.0,1522500.0,1522500.0
2011-09-30,2011-11-14,10-Q,GAMEPLAN INC,ABIT,CIK0001095146,USD,2640.0,,12500.0,1020524.0,,,79.0,79.0,79.0,79.0,,,0.001,250000000.0,1522500.0,1522500.0,1523.0,0.0,,,,,,,,,,,,,-2175286.0,,,,1138178.0,-0.03,-0.03,,,,0.0,0.0,0.0,0.0,,,0.0,3898.0,-53019.0,-53019.0,0.0,,,,,,,,,,,,25184.0,,,0.0,,1153318.0,79.0,15140.0,1138178.0,,,,,,,-53019.0,27835.0,-27835.0,,,,,0.0,0.0,-25184.0,0.0,,,0.001,50000000.0,0.0,0.0,0.0,,,,,,,,,,0.0,,23937.0,,,,,,,,,,,,,,,,,,,-1153239.0,,,,,,,,,,1522500.0,1522500.0,1522500.0
2011-12-31,2012-03-30,10-K,GAMEPLAN INC,ABIT,CIK0001095146,USD,3640.0,,12500.0,1044460.0,,95744.0,17.0,17.0,17.0,17.0,-10.0,-10.0,0.001,250000000.0,1522500.0,1522500.0,1523.0,0.0,0.0,,,,,,,,,,,0.0,2226103.0,,,1163997.0,1163997.0,,-0.14,,,,0.0,0.0,0.0,0.0,,0.0,0.0,22805.0,-216796.0,-216796.0,0.0,0.0,0.0,,41157.0,-73711.0,32554.0,1914.0,,98247.0,0.0,,98247.0,0.0,,0.0,0.0,1180137.0,17.0,16140.0,1163997.0,20881.0,,0.0,,-20891.0,,-216796.0,118549.0,-118549.0,,,,-98247.0,0.0,0.0,-98247.0,0.0,0.0,0.0,0.001,50000000.0,0.0,0.0,0.0,0.0,,20881.0,0.0,-216796.0,,0.0,,0.0,0.0,95744.0,95744.0,,,,,,,,50000.0,,,,2000000.0,0.2,,,,,,-1180120.0,,,,,,,,,,1522500.0,1522500.0,1522500.0
2012-03-31,2012-05-14,10-Q,GAMEPLAN INC,ABIT,CIK0001095146,USD,6785.0,,12500.0,1068396.0,,,25.0,25.0,25.0,,,8.0,0.001,250000000.0,1522500.0,1522500.0,1523.0,0.0,0.0,,23936.0,,,,,,,,,0.0,2280710.0,,,1191531.0,,,-0.04,,,,0.0,0.0,0.0,0.0,,0.0,0.0,4553.0,-54607.0,-54607.0,0.0,,0.0,,,,,3145.0,,26118.0,0.0,,26118.0,0.0,,0.0,0.0,1210816.0,25.0,1210816.0,,1416.0,,0.0,,-1408.0,,-54607.0,28489.0,-28489.0,,,,,,0.0,-26118.0,0.0,0.0,0.0,0.001,50000000.0,0.0,0.0,0.0,0.0,,1416.0,0.0,,,0.0,,0.0,0.0,,23936.0,,,,,,,,,,,,,,,,,,,-1210791.0,,,,,,,,,,,1522500.0,
2012-06-30,2012-08-10,10-Q,GAMEPLAN INC,ABIT,CIK0001095146,USD,1095.0,,12500.0,1092332.0,,,64.0,64.0,64.0,,,,0.001,250000000.0,1522500.0,1522500.0,1523.0,0.0,,10000.0,,,,,,,,,,,2332540.0,,,1225154.0,,,-0.03,,,127660.0,0.0,0.0,0.0,0.0,,,,1157.0,-51830.0,-51830.0,0.0,,,,,,,,,,,,26737.0,,,0.0,,1238749.0,64.0,1238749.0,,,,,,,,-51830.0,25093.0,-25093.0,,,,,,0.0,-26737.0,0.0,,,0.001,50000000.0,0.0,0.0,0.0,,,,,,,,,,0.0,,23936.0,,,,,,100000.0,2.0,,,,,200000.0,2.0,100000.0,2.0,,,,-1238685.0,,,,,,,,,,,1522500.0,
2012-09-30,2012-11-13,10-Q,GAMEPLAN INC,ABIT,CIK0001095146,USD,2450.0,,12500.0,1116269.0,,,1.0,1.0,1.0,,,,0.001,250000000.0,1522500.0,1522500.0,1523.0,0.0,,,,,,,,,,,,,2389113.0,,,1256372.0,,,-0.04,,,103724.0,0.0,0.0,0.0,0.0,,,,4843.0,-56573.0,-56573.0,0.0,,,,,,,,,,,,27793.0,,,0.0,,1271322.0,1.0,1271322.0,,,,,,,,-56573.0,28780.0,-28780.0,,,,,,0.0,-27793.0,0.0,,,0.001,50000000.0,0.0,0.0,0.0,,,,,,,,,,0.0,,23937.0,,,,,,100000.0,2.0,,,,,200000.0,2.0,100000.0,2.0,,,,-1271321.0,,,,,,,,,,,1522500.0,
2012-12-31,2013-02-28,10-K,GAMEPLAN INC,ABIT,CIK0001095146,USD,2967.0,,12500.0,1126503.0,,95745.0,0.0,0.0,0.0,,,-17.0,0.001,250000000.0,15225000.0,15225000.0,15225.0,0.0,0.0,,,,397281.0,167162.0,491652.0,,230119.0,676820.0,-397281.0,0.0,2432690.0,,,0.0,1275495.0,,-0.01,0.34,,79788.0,0.0,0.0,0.0,0.0,,0.0,,14183.0,-206587.0,-206587.0,0.0,0.0,0.0,,21957.0,-70240.0,32553.0,-673.0,,96659.0,0.0,,96659.0,0.0,,0.0,0.0,1290962.0,0.0,15467.0,1275495.0,14839.0,,0.0,,-14856.0,,-206587.0,109928.0,-109928.0,,,,,,0.0,-96659.0,0.0,0.0,0.0,0.001,50000000.0,0.0,0.0,0.0,0.0,,14839.0,0.0,-206587.0,,0.0,0.08,0.0,0.0,,95745.0,,,,,,150000.0,2.0,,,,,2000000.0,0.2,50000.0,2.0,,,,-1290962.0,,,,,,,,,200000.0,,15225000.0,
2013-03-31,2013-05-14,10-Q,GAMEPLAN INC,ABIT,CIK0001095146,USD,3450.0,,12500.0,1164141.0,,,0.0,0.0,0.0,,,0.0,0.001,250000000.0,1522500.0,1522500.0,1523.0,0.0,0.0,,23936.0,,,,,,,,,0.0,2486516.0,,,1304902.0,0.0,,-0.01,,,,0.0,0.0,0.0,0.0,,0.0,,4730.0,-53826.0,-53826.0,0.0,,0.0,,,,,483.0,,25160.0,0.0,,25160.0,0.0,,0.0,0.0,1320852.0,0.0,1320852.0,0.0,4247.0,,0.0,,-4247.0,,-53826.0,28666.0,-28666.0,,,,,,0.0,-25160.0,0.0,0.0,0.0,0.001,50000000.0,0.0,0.0,0.0,0.0,,4247.0,0.0,,,0.0,0.08,0.0,0.0,,23936.0,,,,,,150000.0,2.0,,,,,200000.0,2.0,50000.0,2.0,,,,-1320852.0,,,,,,,,,,,15225000.0,
2013-06-30,2013-08-09,10-Q,GAMEPLAN INC,ABIT,CIK0001095146,USD,1970.0,,12500.0,1188077.0,,,0.0,0.0,0.0,,,,0.001,250000000.0,1522500.0,1522500.0,1523.0,0.0,,,,,,,,,,,,,2538449.0,,,1334379.0,0.0,,-0.03,,,,0.0,0.0,0.0,0.0,,,,1970.0,-51933.0,-51933.0,0.0,,,,,,,,,,,,26027.0,,,0.0,,1348849.0,0.0,1348849.0,0.0,,,,,,,-51933.0,25906.0,-25906.0,,,0.0,,,0.0,-26027.0,0.0,,,0.001,50000000.0,0.0,0.0,0.0,,,,,,,,,,0.0,,23936.0,,,,,,150000.0,2.0,,,,,200000.0,2.0,50000.0,2.0,,,,-1348849.0,,,,,,,,,,,1522500.0,
2013-09-30,2013-11-13,10-Q,GAMEPLAN INC,ABIT,CIK0001095146,USD,1000.0,,12500.0,1212013.0,,,0.0,0.0,0.0,,,,0.001,250000000.0,1522500.0,1522500.0,1523.0,0.0,,,,,,,,,,,,,2597267.0,,,1370231.0,0.0,,-0.04,,,,0.0,0.0,0.0,0.0,,,,7974.0,-58818.0,-58818.0,0.0,,,,,,,,,,,,26907.0,,,0.0,,1383731.0,0.0,1383731.0,0.0,,,,,,,-58818.0,31911.0,-31911.0,,,0.0,,,0.0,-26907.0,0.0,,,0.001,50000000.0,0.0,0.0,0.0,,,,,,,,,,0.0,,23937.0,,,,,,100000.0,2.0,,,,,200000.0,2.0,100000.0,2.0,,,,-1383731.0,,,,,,,,,,,1522500.0,
2013-12-31,2014-03-06,10-K,GAMEPLAN INC,ABIT,CIK0001095146,USD,1730.0,0.0,12500.0,1206291.0,,79788.0,0.0,0.0,0.0,,,0.0,0.001,250000000.0,15225000.0,15225000.0,15225.0,0.0,0.0,,,,439006.0,172941.0,508649.0,,266065.0,782544.0,-439006.0,0.0,2635198.0,1399452.0,0.0,1399452.0,0.0,,-0.01,0.34,0.0,,0.0,0.0,0.0,0.0,,0.0,,16996.0,-202508.0,-202508.0,0.0,,0.0,,41725.0,-68853.0,27128.0,-1237.0,,105724.0,0.0,,105724.0,0.0,,0.0,0.0,1413682.0,0.0,1413682.0,0.0,18233.0,,0.0,,-18233.0,,-202508.0,96784.0,-96784.0,,0.0,,,,0.0,-105724.0,0.0,0.0,0.0,0.001,50000000.0,0.0,0.0,0.0,0.0,,18233.0,0.0,-202508.0,,0.0,,0.0,0.0,,79788.0,,,,,,1500000.0,0.2,-500000.0,,,0.0,1500000.0,0.2,0.0,0.0,,0.0,,-1413682.0,,,,,,,,,1500000.0,,15225000.0,
2014-03-31,2014-05-15,10-Q,GAMEPLAN INC,ABIT,CIK0001095146,USD,33018.0,,12500.0,1206291.0,,,0.0,0.0,0.0,,,0.0,0.001,250000000.0,15225020.0,15225020.0,15225.0,0.0,0.0,,,,,,,,,,,0.0,2715823.0,,,1448789.0,0.0,,-0.01,,,,0.0,0.0,0.0,0.0,,0.0,,53018.0,-80625.0,-80625.0,0.0,,0.0,,,,,31288.0,,27607.0,0.0,,27607.0,0.0,,0.0,0.0,1494307.0,0.0,1494307.0,0.0,21730.0,,0.0,,-21730.0,,-80625.0,53018.0,-53018.0,,,,,,0.0,-27607.0,0.0,0.0,0.0,0.001,50000000.0,0.0,0.0,0.0,0.0,,21730.0,0.0,,,0.0,0.08,0.0,0.0,,0.0,,,,,,1500000.0,0.2,,,,,1500000.0,0.2,,,,,,-1494307.0,,,,,,,,,,,15225000.0,
2014-06-30,2014-08-13,10-Q,GAMEPLAN INC,ABIT,CIK0001095146,USD,0.0,9500.0,,731561.0,,,9851.0,9851.0,351.0,,,,0.001,250000000.0,165750000.0,165750000.0,165750.0,0.0,,,,,,,,,,,,,2441435.0,1541475.0,0.0,,,,-0.01,,,,0.0,0.0,0.0,0.0,,,,20342.0,-2351040.0,-2351040.0,0.0,,,,,,,,,,,,28897.0,,,0.0,,1553975.0,9851.0,1553975.0,0.0,,,,,,,-2351040.0,2322143.0,-2322143.0,,,1304.0,,,0.0,-28897.0,0.0,,,0.001,50000000.0,0.0,0.0,0.0,,,,,,,,,,0.0,,2300497.0,,,,,,7500000.0,0.2,,,,1425000.0,7500000.0,0.2,,,,1425000.0,,-1544124.0,,,,,,,,,,,165750000.0,
2014-09-30,2014-11-12,10-Q,GAMEPLAN INC,ABIT,CIK0001095146,USD,1000.0,9500.0,12500.0,3357188.0,,,11054.0,11054.0,304.0,,,,0.001,250000000.0,165750000.0,165750000.0,165750.0,570.0,,,,,,,,,,,,,5100813.0,,,1575429.0,0.0,,0.0,,0.0,,0.0,0.0,0.0,0.0,,,,5127.0,-33950.0,-33950.0,0.0,,,,,,,,,,,,29393.0,,,0.0,,1588929.0,11054.0,1588929.0,0.0,,,,,,,-33950.0,5127.0,-4557.0,,1250.0,0.0,,,0.0,-29393.0,0.0,,,0.001,50000000.0,0.0,0.0,0.0,,,,,,,,,,570.0,,0.0,,,,,,7500000.0,0.2,,,,0.0,7500000.0,0.2,,,,,,-1577875.0,,,,,,,,,,,165750000.0,
