end,filed,form,Name,Ticker,CIK,Currency,AccountsPayableAndAccruedLiabilities,AccountsPayableAndAccruedLiabilitiesCurrent,AccountsPayableOtherCurrent,AccountsReceivableNetCurrent,AccumulatedDepreciationDepletionAndAmortizationPropertyPlantAndEquipmentExcludingCapitalLeasedAssets,AdditionalPaidInCapital,AdditionalPaidInCapitalCommonStock,AdministrativeFeesExpense,Assets,AssetsCurrent,BusinessCombinationRecognizedIdentifiableAssetsAcquiredAndLiabilitiesAssumedCashAndEquivalents,BusinessCombinationRecognizedIdentifiableAssetsAcquiredAndLiabilitiesAssumedCurrentAssetsReceivables,BusinessCombinationRecognizedIdentifiableAssetsAcquiredAndLiabilitiesAssumedCurrentLiabilities,BusinessCombinationRecognizedIdentifiableAssetsAcquiredAndLiabilitiesAssumedNet,BusinessCombinationRecognizedIdentifiableAssetsAcquiredAndLiabilitiesAssumedNoncurrentLiabilitiesLongTermDebt,BusinessCombinationRecognizedIdentifiableAssetsAcquiredAndLiabilitiesAssumedPropertyPlantAndEquipment,BusinessCombinationRecognizedIdentifiableAssetsAcquiredGoodwillAndLiabilitiesAssumedNet,CapitalizedComputerSoftwareGross,CapitalLeasesFutureMinimumPaymentsDueCurrent,Cash,CashAcquiredFromAcquisition,CashAndCashEquivalentsAtCarryingValue,CashAndCashEquivalentsPeriodIncreaseDecrease,CashPeriodIncreaseDecrease,CashProvidedByUsedInOperatingActivitiesDiscontinuedOperations,CommonStockCapitalSharesReservedForFutureIssuance,CommonStockNoParValue,CommonStockParOrStatedValuePerShare,CommonStockShareSubscribedButUnissuedSubscriptionsReceivable,CommonStockSharesAuthorized,CommonStockSharesIssued,CommonStockSharesOutstanding,CommonStockSharesSubscribedButUnissued,CommonStockSharesSubscriptions,CommonStockValue,CommonStockValueOutstanding,ConvertibleLongTermNotesPayable,ConvertibleNotesPayableCurrent,CostOfGoodsSold,DebtConversionConvertedInstrumentSharesIssued1,DebtConversionOriginalDebtAmount1,DebtInstrumentConvertibleBeneficialConversionFeature,DebtInstrumentConvertibleConversionPrice1,DebtInstrumentDecreaseForgiveness,DebtInstrumentInterestRateStatedPercentage,DebtorReorganizationItemsGainLossOnAssetSalesNet,DeferredTaxAssetsNet,DeferredTaxAssetsOperatingLossCarryforwards,DeferredTaxAssetsValuationAllowance,Depreciation,DevelopmentStageEnterpriseDeficitAccumulatedDuringDevelopmentStage,DiscontinuedOperationGainLossOnDisposalOfDiscontinuedOperationNetOfTax,DiscontinuedOperationIncomeLossFromDiscontinuedOperationBeforeIncomeTax,DueToRelatedPartiesCurrent,EarningsPerShareBasic,EarningsPerShareBasicAndDiluted,EffectiveIncomeTaxRateReconciliationAtFederalStatutoryIncomeTaxRate,EffectiveIncomeTaxRateReconciliationNondeductibleExpense,EffectOfExchangeRateOnCashAndCashEquivalents,EquityIssuancePerShareAmount,ExtinguishmentOfDebtGainLossNetOfTax,FurnitureAndFixturesGross,GainsLossesOnExtinguishmentOfDebt,GeneralAndAdministrativeExpense,Goodwill,GoodwillAcquiredDuringPeriod,GrossProfit,IncomeLossFromContinuingOperations,IncomeLossFromContinuingOperationsBeforeIncomeTaxesMinorityInterestAndIncomeLossFromEquityMethodInvestments,IncomeLossFromContinuingOperationsPerBasicAndDilutedShare,IncomeLossFromContinuingOperationsPerBasicShare,IncomeLossFromDiscontinuedOperationsNetOfTax,IncomeLossFromDiscontinuedOperationsNetOfTaxPerBasicShare,IncomeTaxesPaid,IncreaseDecreaseInAccountsPayable,IncreaseDecreaseInAccountsPayableAndAccruedLiabilities,IncreaseDecreaseInAccountsReceivable,IncreaseDecreaseInDueFromRelatedParties,IncreaseDecreaseInDueToRelatedParties,IncreaseDecreaseInInterestPayableNet,IncreaseDecreaseInInventories,IncreaseDecreaseInOtherAccruedLiabilities,IncreaseDecreaseInOtherCurrentLiabilities,IncreaseDecreaseInPrepaidExpense,InterestExpense,InterestExpenseDebt,InterestPaid,InterestPayableCurrent,InventoryNet,InvestmentOwnedBalancePrincipalAmount,IssuanceOfStockAndWarrantsForServicesOrClaims,Liabilities,LiabilitiesAndStockholdersEquity,LiabilitiesCurrent,LiabilitiesNoncurrent,LongTermNotesPayable,MarketingExpense,NetCashProvidedByUsedInFinancingActivities,NetCashProvidedByUsedInFinancingActivitiesContinuingOperations,NetCashProvidedByUsedInInvestingActivities,NetCashProvidedByUsedInInvestingActivitiesContinuingOperations,NetCashProvidedByUsedInOperatingActivities,NetCashProvidedByUsedInOperatingActivitiesContinuingOperations,NetIncomeLoss,NotesAndLoansPayable,NotesPayable,NotesPayableCurrent,NotesPayableRelatedPartiesClassifiedCurrent,OperatingExpenses,OperatingIncomeLoss,OperatingLeasesFutureMinimumPaymentsDueInTwoYears,OperatingLeasesFutureMinimumPaymentsRemainderOfFiscalYear,OperatingLossCarryforwards,OtherAccruedLiabilitiesCurrent,OtherAssets,OtherAssetsNoncurrent,OtherGeneralAndAdministrativeExpense,OtherIncome,OtherLiabilitiesCurrent,OtherNonoperatingIncomeExpense,OtherOperatingIncomeExpenseNet,PaymentsForSoftware,PaymentsToAcquirePropertyPlantAndEquipment,PrepaidExpenseCurrent,ProceedsFromCollectionOfLongtermLoansToRelatedParties,ProceedsFromCollectionOfOtherReceivables,ProceedsFromConvertibleDebt,ProceedsFromIssuanceOfCommonStock,ProceedsFromIssuanceOrSaleOfEquity,ProceedsFromRelatedPartyDebt,ProceedsFromRepaymentsOfNotesPayable,ProceedsFromRepaymentsOfRelatedPartyDebt,ProfessionalFees,ProfitLoss,RelatedPartyTransactionDueFromToRelatedParty,RepaymentsOfNotesPayable,Revenues,SellingGeneralAndAdministrativeExpense,ShareBasedCompensation,ShareBasedCompensationArrangementByShareBasedPaymentAwardOptionsGrantsInPeriodGross,SharesIssued,StockholdersEquity,StockIssued1,StockIssuedDuringPeriodSharesAcquisitions,StockIssuedDuringPeriodSharesIssuedForCash,StockIssuedDuringPeriodValueConversionOfConvertibleSecurities,StockIssuedDuringPeriodValueIssuedForCash,StockIssuedDuringPeriodValueIssuedForServices,StockIssuedDuringPeriodValueNewIssues,StockIssuedDuringPeriodValueShareBasedCompensationGross,StockRepurchasedDuringPeriodShares,TreasuryStockSharesRetired,WeightedAverageNumberOfShareOutstandingBasicAndDiluted,WeightedAverageNumberOfSharesOutstandingBasic
2008-12-31,2009-02-18,10-K,"A1 GROUP, INC.",AWON,CIK0001432290,USD,,,,,,,,,,,,,,,,,,,,,,,,,,,,,,,,,,,,,,,,,,,,,,,,,,,,,,,,,,,,,,,,,,,,,,,,,,,,,,,,,,,,,,,,,,,,,,,,,,,,,,,,-16944.0,,,,,,,,,,,,,,,,,,,,,,,,,,,,,,-16944.0,,,,,,,,-136.0,,,,,3000.0,,18500.0,,,,,
2009-12-31,2010-03-23,10-K,"A1 GROUP, INC.",AWON,CIK0001432290,USD,,,,,,,,,,,,,,,,,,,,,,22.0,,,,,,,,,,,,,,,,,,,,,,,,,,,,,,,,,,,,,,,,,,,,,,,,,,,,,,,,,,,,,,,,,,,,,,,,,,,,,,,,,,-20948.0,,,,,,,,,,,,,,,,,,,,,,,,,,,,,,-20948.0,,,,,,,,-21084.0,,,,,,,,,,,,
2010-06-30,2010-09-17,10-Q,"A1 GROUP, INC.",AWON,CIK0001432290,USD,,,,,,,,,,,,,,,,,,,,,,,,,,,,,,,,,,,,,,,,,,,,,,,,,,,,,,,,0.0,,,,,,,,3929.0,,,,,,,,,,,,,,,,,,,,,,,,,,,,,,,,,,,,,,,,-3929.0,,,,,,,,,,,,,429.0,,,,,,,,,,,,,,,,3500.0,,,,,,,,,,,,,,,,,,,,,10620000.0
2010-12-31,2011-04-15,10-K,"A1 GROUP, INC.",AWON,CIK0001432290,USD,26090.0,,,,,14880.0,,,1.0,1.0,,,,,,,,,,1.0,,1.0,-21.0,,,,,0.001,,75000000.0,10620000.0,10620000.0,,,10620.0,10620.0,,,,,,,,,,,,,,,-66234.0,,,,,0.0,,,,,,,,1512.0,,,,,,,,,,,,5040.0,,14589.0,,,,,,,,,,,,,,40735.0,1.0,,,,,14589.0,,,,-14610.0,,-19650.0,,,,,19650.0,-19650.0,,,,,,,,,,,,,,,,,,,,,,,18138.0,-19650.0,14645.0,,,,,,,-40734.0,,,,,,,,,,,,10620000.0
2011-03-31,2011-05-20,10-Q,"A1 GROUP, INC.",AWON,CIK0001432290,USD,,,,,,,,,,,,,,,,,,,,,,11.0,10.0,,,,,,,,,,,,,,,,,,,,,,,,,,,,,,,,,0.0,,,,,,,,96.0,,,,,,,,,,,,3500.0,,,,,,,,,,,,,,,,,,,,,,106.0,,,,-96.0,,-3596.0,,,,,3596.0,-3596.0,,,,,,,,,,,,,,,106.0,,,,,,,,3500.0,,,,,,,,,,,,,,,,,,,,,10620000.0
2011-06-30,2011-08-17,10-Q,"A1 GROUP, INC.",AWON,CIK0001432290,USD,27396.0,,,,,14880.0,,,2.0,,,,,,,,,,,2.0,,2.0,,,,,,,,,,,,,10620.0,,,,,,,,,,,,,,,,-75149.0,,,,,0.0,,,,,,,,1865.0,,,,,,,,,,,,,,,,,,,,,,,,,,,,49651.0,2.0,,,,,,,,,,,-5365.0,,,,,5365.0,-5365.0,,,,,,,1865.0,,,,,,,,,,,,,,,,3500.0,,22255.0,,,,,,,-49652.0,,,,,,,,,,,,10620000.0
2011-09-30,2011-11-14,10-Q,"A1 GROUP, INC.",AWON,CIK0001432290,USD,,,,,,,,,,,,,,,,,,,,,,2.0,,,,,,,,,,,,,,,,,,,,,,,,,,,,,,,,,,0.0,,,,,,,,192.0,,,,,,,,,,,,,,,,,,,,,,,,,,,,,,,,,,,,,,,,-3692.0,,,,,3692.0,-3692.0,,,,,,,,,,,,,,,,,,,,,,,3500.0,,,,,,,,,,,,,,,,,,,,,159300000.0
2011-12-31,2012-04-16,10-K,"A1 GROUP, INC.",AWON,CIK0001432290,USD,32643.0,32643.0,,,,-133800.0,,,2.0,2.0,,,,,,,,,,2.0,,2.0,1.0,,,,,0.001,,75000000.0,159300000.0,159300000.0,,,159300.0,10620.0,,,,,,,,,,,,,,,84483.0,,,26342.0,,0.0,,,,,,,,2249.0,,,,,,,,,,,,6553.0,,11697.0,,,,,,,,,,,,,,58985.0,2.0,58985.0,,,,11697.0,,,,-11696.0,,-18249.0,,,,,18249.0,-18249.0,,,,,,,,,,,,,,,,,,,,11697.0,,,16000.0,-18249.0,26342.0,,,,,,,-58983.0,,,,,,,,,,,,159300000.0
2012-03-31,2012-05-18,10-Q,"A1 GROUP, INC.",AWON,CIK0001432290,USD,27247.0,,,,,14880.0,,,,,,,,,,,,,,,,,-2.0,,,,,0.001,,75000000.0,10620000.0,10620000.0,,,10620.0,,,,,,,,,,,,,,,,-89117.0,,,,,0.0,,,,,,,,134.0,,,,,,,,,,,,-5396.0,,,,,,,,,,,,,,,,,,63617.0,,,,10028.0,,,,-10030.0,,-4634.0,,,,,4634.0,-4634.0,,,,,,,,,,,,,,,10028.0,,,,,10028.0,,,4500.0,-4634.0,36370.0,,,,,,,-63617.0,,,,,,,,,,,,33300000.0
2012-06-30,2012-08-02,10-Q,"A1 GROUP, INC.",AWON,CIK0001432290,USD,3759.0,,,,,69622.0,,,,,,,,,,,,,,,,,,,,,0.001,0.001,,75000000.0,10620000.0,10620000.0,,,10620.0,,,,,,,,,,,10000.0,,,,,-84001.0,,,,,0.0,,,,,10000.0,,,1022.0,,,,,,,,,,,,,,,,,,,,,,,,,,,,3759.0,,,,,,,,,,,,5116.0,,,,,4884.0,-4884.0,,,84001.0,,,,,,,,10000.0,,,,,,,,,,,28400.0,3862.0,,,,,,,,,-3759.0,,,,,,,,,,,,159300000.0
2012-09-30,2012-11-19,10-Q,"A1 GROUP, INC.",AWON,CIK0001432290,USD,,5795.0,,,,46942.0,,,81159.0,,,,,,,,,8050.0,,68987.0,,68987.0,,,,,,0.001,,75000000.0,33300000.0,33300000.0,,,33300.0,,,110000.0,,,,,0.1,,0.08,,,,,,118950.0,,,4072.0,,0.0,,,0.0,0.0001,0.0,4122.0,,9686.0,,,,,,,,,,,,,,,,,,,,,1278.0,,,,,,,,81159.0,119867.0,,,460.0,,,,,,,-34949.0,,28400.0,,,33671.0,-33671.0,,,118950.0,,,,,,,,-1278.0,,,,,,,,,,,,11525.0,,,,0.0,,,,,-38708.0,,,150000000.0,,10000.0,,,,,,,33300000.0
2012-12-31,2013-04-16,10-K,"A1 GROUP, INC.",AWON,CIK0001432290,USD,,16343.0,,0.0,,46942.0,,,44433.0,21674.0,,,,,,,,18845.0,,254.0,,21674.0,21672.0,21672.0,0.0,,,0.001,,75000000.0,33300000.0,33300000.0,,,33300.0,,,145000.0,,,,,,54742.0,,,0.0,40859.0,40859.0,208.0,201224.0,0.0,,4072.0,,0.0,,,0.0,0.0001,10000.0,3914.0,10000.0,29218.0,0.0,,,-116741.0,,,0.0,,0.0,0.0,,-6300.0,,,,,,,0.0,,3768.0,,0.0,,,,0.0,165415.0,44433.0,165415.0,0.0,0.0,10884.0,177472.0,177472.0,-22967.0,-22967.0,-132833.0,-132833.0,-116741.0,,,0.0,,122973.0,-122973.0,,,201224.0,,,,,,0.0,,6232.0,18845.0,4122.0,,,,145000.0,0.0,,32472.0,,,37871.0,,,,0.0,,,,,-24700.0,0.0,,,,,,,,,,,111791803.0
2013-03-31,2013-05-15,10-Q,"A1 GROUP, INC.",AWON,CIK0001432290,USD,,24295.0,,,411.0,76265.0,,,28882.0,,,,,,,,,18845.0,,6326.0,,6326.0,-15348.0,,0.0,3500000.0,,0.001,,75000000.0,33407000.0,33407000.0,,,33407.0,,,183500.0,,,,,,0.0,,,,,,203.0,292657.0,,0.0,4072.0,,0.0,,,0.0,0.0001,0.0,3711.0,0.0,22836.0,,,,-91433.0,-91433.0,0.0,,0.0,0.0,0.0,,7952.0,,,,,,0.0,,,3206.0,,0.0,,,,,,28882.0,211867.0,,,10567.0,63500.0,63500.0,,0.0,-78848.0,-78848.0,-91433.0,,,,,88227.0,-88227.0,,,288227.0,,,,,,,,-3206.0,0.0,0.0,,,,38500.0,25000.0,,0.0,,,21824.0,,,,0.0,,,7000.0,,-182985.0,-4430.0,,,,,4430.0,,,,,,33340422.0
2013-06-30,2013-08-15,10-Q,"A1 GROUP, INC.",AWON,CIK0001432290,USD,,23953.0,,,615.0,76265.0,,,26311.0,3959.0,,,,,,,,18845.0,,2615.0,,2615.0,,,,3500000.0,,0.001,,75000000.0,33407000.0,33407000.0,,,33407.0,,,252000.0,,,,,,,,,,,,,363386.0,,0.0,4072.0,0.0,,,,0.0,,0.0,3507.0,,33440.0,,,,,-70729.0,,,,,,,,,,,,,,,,4511.0,,,,,,,,26311.0,280025.0,,,5790.0,,,,,,,-70729.0,,,,,66218.0,-66218.0,,,363386.0,,,,,,,,-4511.0,,,1344.0,,,,,,,,,4488.0,,,,0.0,,,,,-253714.0,,,,,,,,,,,,33407000.0
2013-09-30,2013-11-19,10-Q,"A1 GROUP, INC.",AWON,CIK0001432290,USD,,41342.0,,4340.0,917.0,175865.0,,,422791.0,51355.0,6675.0,15834.0,,371895.0,,1933.0,347453.0,18845.0,,2307.0,,47015.0,,,,3500000.0,,0.001,,75000000.0,33807000.0,33807000.0,,,33807.0,,420000.0,265997.0,28483.0,,,,,,,,,,,,455736.0,,,4072.0,35.27,0.0,,,0.0,,0.0,5138.0,0.0,26320.0,347453.0,,43055.0,,,,,,,,,,,,,,,,,,8912.0,0.0,,,,371895.0,,668855.0,422791.0,492244.0,176611.0,176611.0,5198.0,,,,,,,17636.0,357444.0,,180833.0,,25419.0,17636.0,,,455736.0,,,,,0.0,,0.0,-8912.0,,,,,,,,,,,,7866.0,,,,71538.0,25419.0,,,,-246064.0,,,,,,,,,,,,500.0
2013-12-31,2014-04-15,10-K,"A1 GROUP, INC.",AWON,CIK0001432290,USD,,1560.0,,2067.0,1121.0,-500.0,,,34873.0,30680.0,,,,,,,,18845.0,,3856.0,0.0,85906.0,,3602.0,3719.0,3500000.0,,0.001,,75000000.0,500.0,500.0,,0.0,500.0,,,0.0,99953.0,,,,,0.0,,,0.0,112839.0,112839.0,913.0,-2127.0,3818.0,,31186.0,,-53.65,-0.35,0.35,0.0,,0.0,3101.0,0.0,81056.0,,,107883.0,-330645.0,,,0.0,,0.0,0.0,1560.0,22897.0,2067.0,,,0.0,24757.0,,-4193.0,,0.0,,0.0,0.0,24757.0,,4430.0,32746.0,34873.0,32746.0,,,29119.0,,6232.0,,0.0,-226936.0,-2630.0,26827.0,,,,31186.0,81056.0,26827.0,,,110992.0,71750.0,4193.0,4193.0,,0.0,71750.0,,0.0,0.0,0.0,,,0.0,0.0,125000.0,,6232.0,,,56830.0,,,,207836.0,,,7000.0,,2127.0,0.0,,,,,,125000.0,,,,500.0,33525104.0
2014-03-31,2014-05-15,10-Q,"A1 GROUP, INC.",AWON,CIK0001432290,USD,,38981.0,,,1324.0,175865.0,,,23149.0,2077.0,,,,,,,,18845.0,,2077.0,,2077.0,-83829.0,,0.0,3500000.0,,0.001,,75000000.0,33807000.0,33807000.0,,,33807.0,,,337266.0,,,,,,0.0,,,,,,203.0,562770.0,,0.0,,,,,,0.0,,0.0,2227.0,0.0,8172.0,,,,-34719.0,-34719.0,0.0,,0.0,0.0,0.0,,-259.0,,,,,,-71750.0,,,6372.0,,0.0,,,,,376247.0,23149.0,376247.0,,,396.0,,22026.0,,670.0,-106525.0,-106525.0,-34719.0,,,,,28347.0,-28347.0,,,,0.0,,,,,,,-6372.0,0.0,-670.0,,,,22026.0,0.0,,0.0,,,17479.0,,,,0.0,,,7000.0,,-353098.0,0.0,,,,,,,,,,,33807000.0
2014-06-30,2014-08-14,10-Q,"A1 GROUP, INC.",AWON,CIK0001432290,USD,,46689.0,,,1324.0,178113.0,,,67340.0,46471.0,,,,,,,,18845.0,,46471.0,,,,,,3500000.0,,0.001,,75000000.0,33844260.0,33844260.0,,50000.0,33844.0,,,354095.0,,,,,,,,,,,,,595401.0,,0.0,,0.0,,,,0.0,,0.0,2024.0,,12813.0,,,,,-32630.0,,,,,,,,,,,,,,,,6827.0,,,,,,,400784.0,67340.0,400784.0,,,75.0,,,,,,,-32630.0,,,,,25803.0,-25803.0,,,,0.0,,,,,,,-6827.0,,,,,,,,,,,,12915.0,,,,0.0,,,,,-333444.0,,,,,,,,,,,,33844260.0
2014-09-30,2014-12-16,10-Q,"A1 GROUP, INC.",AWON,CIK0001432290,USD,,49606.0,13500.0,0.0,,0.0,,,80496.0,76303.0,,,,,,,,,39125.0,60908.0,,,,,,,,0.001,,75000000.0,33844260.0,33844260.0,152000.0,83650.0,33844.0,,,354095.0,18552.0,,,,,,,,,,,,483594.0,,,,0.0,,,,,,,,5700.0,,,,53213.0,,,,,,,,,,,,,,,,,,,10639.0,,,15395.0,,,446595.0,80496.0,446595.0,,,,,,,,,,-27440.0,,,,42894.0,75714.0,-22501.0,,27327.0,,,4193.0,,,0.0,,-4939.0,,,,,,,,,,,,,,,,,71765.0,75714.0,,,,-366099.0,,,,,,,,,,,,33844260.0
2014-12-31,2015-03-26,10-K,"A1 GROUP, INC.",AWON,CIK0001432290,USD,,3890.0,,0.0,,32076.0,,,42408.0,38215.0,36613.0,,24749.0,,354095.0,,,,,24031.0,36613.0,,,20175.0,,,,0.001,342231.0,75000000.0,34168260.0,34168260.0,,110850.0,34168.0,,,324095.0,92551.0,,,,,0.0,,,0.0,32925.0,32925.0,,528868.0,,,35571.0,,0.0,-0.35,0.35,,,10251.0,,,268364.0,,,181327.0,,,,,,,0.0,-9337.0,,-2067.0,,,17544.0,-10573.0,,-30000.0,,20684.0,,0.0,30626.0,14184.0,,,394182.0,42408.0,394182.0,,,,,86785.0,,36613.0,,-103223.0,-94070.0,,,,,268364.0,-87037.0,39125.0,27327.0,32925.0,,,4193.0,,3400.0,,,-7033.0,,,,,50000.0,32400.0,,,4385.0,,,,,,,273878.0,,0.0,,,-351774.0,0.0,,,32400.0,,,50000.0,,21000000.0,,33865238.0,
