end,filed,form,Name,Ticker,CIK,Currency,AccountsPayableAndAccruedLiabilitiesCurrent,AccountsPayableCurrent,AccountsPayableRelatedPartiesCurrent,AccountsReceivableNet,AccountsReceivableNetCurrent,AccruedLiabilitiesCurrent,AdditionalPaidInCapital,AdjustmentForAmortization,AmortizationOfDebtDiscountPremium,AmortizationOfIntangibleAssets,AssetImpairmentCharges,AssetManagementFees1,Assets,AssetsCurrent,AssetsNoncurrent,BankOverdrafts,BusinessCombinationAcquiredReceivablesFairValue,BusinessCombinationConsiderationTransferred1,BusinessCombinationRecognizedIdentifiableAssetsAcquiredAndLiabilitiesAssumedCurrentLiabilitiesLongTermDebt,BusinessCombinationRecognizedIdentifiableAssetsAcquiredAndLiabilitiesAssumedNet,CapitalizedComputerSoftwareNet,CarryingCostsPropertyAndExplorationRights,Cash,CashAndCashEquivalentsAtCarryingValue,CashAndCashEquivalentsPeriodIncreaseDecrease,CashCashEquivalentsRestrictedCashAndRestrictedCashEquivalentsPeriodIncreaseDecreaseIncludingExchangeRateEffect,CashEquivalentsAtCarryingValue,CashPeriodIncreaseDecrease,ClassOfWarrantOrRightOutstanding,CommonStockNoParValue,CommonStockParOrStatedValuePerShare,CommonStockSharesAuthorized,CommonStockSharesIssued,CommonStockSharesOutstanding,CommonStockSharesSubscribedButUnissued,CommonStockSharesSubscriptions,CommonStockValue,ConvertibleDebtCurrent,ConvertibleLongTermNotesPayable,CostsAndExpenses,DebtInstrumentConvertibleBeneficialConversionFeature,DebtInstrumentDecreaseForgiveness,DebtInstrumentUnamortizedDiscount,DeferredIncomeTaxAssetsNet,DeferredTaxAssetsGross,DeferredTaxAssetsInProcessResearchAndDevelopment,DeferredTaxAssetsNet,DeferredTaxAssetsOperatingLossCarryforwards,DeferredTaxAssetsPropertyPlantAndEquipment,DeferredTaxAssetsValuationAllowance,DepositLiabilitiesAccruedInterest,Depreciation,DepreciationAndAmortization,DevelopmentStageEnterpriseDeficitAccumulatedDuringDevelopmentStage,DueToRelatedPartiesCurrent,EarningsPerShareBasic,EarningsPerShareBasicAndDiluted,EffectiveIncomeTaxRateContinuingOperations,EffectiveIncomeTaxRateReconciliationAtFederalStatutoryIncomeTaxRate,EmployeeBenefitsAndShareBasedCompensation,ExplorationExpenseMining,FairValueAssumptionsExpectedVolatilityRate,ForeignCurrencyTransactionGainLossBeforeTax,ForeignCurrencyTransactionGainLossUnrealized,ForeignCurrencyTransactionLossBeforeTax,GainLossOnNonRecourseDebt,GainLossOnSalesOfAssetsAndAssetImpairmentCharges,GainsLossesOnExtinguishmentOfDebt,GeneralAndAdministrativeExpense,ImpairmentOfIntangibleAssetsFinitelived,ImpairmentOfRealEstate,IncomeTaxReceivable,IncomeTaxReconciliationChangeInDeferredTaxAssetsValuationAllowance,IncomeTaxReconciliationChangeInEnactedTaxRate,IncomeTaxReconciliationForeignIncomeTaxRateDifferential,IncomeTaxReconciliationOtherAdjustments,IncreaseDecreaseInAccountsPayable,IncreaseDecreaseInAccountsPayableAndAccruedLiabilities,IncreaseDecreaseInAccountsPayableRelatedParties,IncreaseDecreaseInAccountsReceivable,IncreaseDecreaseInAccruedLiabilities,IncreaseDecreaseInAccruedTaxesPayable,IncreaseDecreaseInDueFromRelatedParties,IncreaseDecreaseInDueToRelatedParties,IncreaseDecreaseInOtherReceivables,IncreaseDecreaseInPrepaidExpense,IncreaseDecreaseInPrepaidExpensesOther,IncreaseDecreaseInReceivables,IntangibleAssetsNetExcludingGoodwill,InterestAndDebtExpense,InterestCostsCapitalized,InterestExpense,InterestExpenseDebt,InterestIncomeExpenseNet,InterestPayableCurrent,IssuanceOfStockAndWarrantsForServicesOrClaims,LegalFees,Liabilities,LiabilitiesAndStockholdersEquity,LiabilitiesCurrent,LoansPayable,LoansPayableCurrent,LongTermLoansPayable,ManagementFeeExpense,MineralRights,NetCashProvidedByUsedInFinancingActivities,NetCashProvidedByUsedInInvestingActivities,NetCashProvidedByUsedInOperatingActivities,NetIncomeLoss,NoncashOrPartNoncashAcquisitionFixedAssetsAcquired1,NonoperatingIncomeExpense,NotesAndLoansPayableCurrent,NotesPayableCurrent,NotesPayableRelatedPartiesClassifiedCurrent,OfficersCompensation,OperatingExpenses,OperatingIncomeLoss,OperatingLossCarryforwards,OperatingLossCarryforwardsValuationAllowance,OtherExpenses,OtherLoansPayableLongTerm,OtherNonoperatingExpense,OtherNonoperatingIncomeExpense,OtherNotesPayableCurrent,PaymentsToAcquireIntangibleAssets,PaymentsToAcquireMineralRights,PaymentsToAcquirePropertyPlantAndEquipment,PrepaidExpenseAndOtherAssets,PrepaidExpenseAndOtherAssetsCurrent,PrincipalAmountOutstandingOnLoansManagedAndSecuritized,ProceedsFromCommissionsReceived,ProceedsFromDivestitureOfBusinessesNetOfCashDivested,ProceedsFromIssuanceOfCommonStock,ProceedsFromIssuanceOrSaleOfEquity,ProceedsFromLoanOriginations1,ProceedsFromNotesPayable,ProceedsFromRelatedPartyDebt,ProceedsFromRepaymentsOfBankOverdrafts,ProceedsFromRepaymentsOfNotesPayable,ProceedsFromRepaymentsOfRelatedPartyDebt,ProfessionalFees,ProfitLoss,PropertyPlantAndEquipmentAdditions,PropertyPlantAndEquipmentNet,RecoveryOfDirectCosts,RecoveryStrandedCosts,RepaymentsOfLongtermLoansFromVendors,RepaymentsOfNotesPayable,RetainedEarningsAccumulatedDeficit,Revenues,SaleOfStockPricePerShare,ServicingFees,ShareBasedCompensation,ShareBasedCompensationArrangementByShareBasedPaymentAwardNonOptionEquityInstrumentsForfeituresAndExpirations,ShareBasedCompensationArrangementByShareBasedPaymentAwardOptionsForfeituresAndExpirationsInPeriod,ShareBasedCompensationArrangementByShareBasedPaymentAwardOptionsForfeituresAndExpirationsInPeriodWeightedAverageExercisePrice,ShareBasedCompensationArrangementByShareBasedPaymentAwardOptionsGrantsInPeriodGross,ShareBasedCompensationArrangementByShareBasedPaymentAwardOptionsOutstandingNumber,ShareBasedCompensationArrangementByShareBasedPaymentAwardOptionsOutstandingWeightedAverageExercisePrice,ShareBasedCompensationArrangementsByShareBasedPaymentAwardOptionsExercisesInPeriodWeightedAverageExercisePrice,ShareBasedCompensationArrangementsByShareBasedPaymentAwardOptionsGrantsInPeriodWeightedAverageExercisePrice,ShareBasedGoodsAndNonemployeeServicesTransactionCapitalizedCost,SharesIssued,SharesIssuedPricePerShare,StockholdersEquity,StockIssued1,StockIssuedDuringPeriodSharesNewIssues,StockIssuedDuringPeriodSharesOther,StockIssuedDuringPeriodSharesStockOptionsExercised,StockIssuedDuringPeriodValueConversionOfConvertibleSecurities,StockIssuedDuringPeriodValueIssuedForServices,StockIssuedDuringPeriodValueNewIssues,StockIssuedDuringPeriodValueOther,ValuationAllowanceForImpairmentOfRecognizedServicingAssetsBalance,ValueAddedTaxReceivableCurrent,WeightedAverageNumberOfShareOutstandingBasicAndDiluted,WeightedAverageNumberOfSharesOutstandingBasic
2008-08-31,2008-11-25,10-K,INDIGENOUS ROOTS CORP.,IRCC,CIK0001373690,USD,,,,,,,,,,,,,,,,,,,,,,,,,,,,,,,,,,,,,,,,,,,,,,,,,,,,,,,,,,,,,,,,,,,,,,,,,,,,,,,,,,,,,,,,,,,,,,,,,,,,,,,,,,,,,-20102.0,,,,,,,,,,,,,,,,,,,,,,,,,,,,,,,,,,,,,,,,,,,,,,,,,,,,,,,,26265.0,,,,,,,,,,,,
2009-08-31,2009-11-18,10-K,INDIGENOUS ROOTS CORP.,IRCC,CIK0001373690,USD,,,,,,,,,,,,,,,,,,,,,,,7419.0,,,,,,,,,,,,,,,,,,,,,,,,,,,,,,,,,,,,,,,,,,,,,,,,,,,,,,,,,,,,,,,,,,,,,,,,,,,,,,,,,,,,,,-17820.0,,,,,,,,,,,,,,,,,,,,,,,,,,,,,,,,,,,,,,,,,,,,,,,,,,,,,,,,8445.0,,,,,,,,,,,,
2010-08-31,2010-11-29,10-K,INDIGENOUS ROOTS CORP.,IRCC,CIK0001373690,USD,76023.0,,1000.0,,,,620433.0,,6042.0,2924.0,,,221258.0,72869.0,,0.0,,,,,,,2146.0,2146.0,-5273.0,,,,,,0.001,3750000.0,1600000.0,1600000.0,,0.0,1600.0,240142.0,,,16833.0,,10791.0,,,,,,,,,,0.0,780847.0,,-0.43,,,,,0.0,,,,,,,,42434.0,,,,,,,,,67127.0,500.0,,,,,,0.0,69047.0,,,23389.0,,,8747.0,,,,,,380072.0,221258.0,380072.0,,,,,125000.0,322586.0,-151313.0,-176546.0,-689292.0,,-14789.0,,62907.0,,0.0,674503.0,-674503.0,,,,,,,,26313.0,125000.0,0.0,70723.0,,,,,,0.0,,,259679.0,0.0,62907.0,,92839.0,,,0.0,,,,,,0.0,,,505200.0,,,,,1000000.0,1.0,,,,,,-158814.0,0.0,,,,,,,0.0,,0.0,,1600000.0
2010-11-30,2011-01-14,10-Q,INDIGENOUS ROOTS CORP.,IRCC,CIK0001373690,USD,,,,,,,,,4196.0,,0.0,,,,,,,,,,,,,3536.0,-3883.0,,,,,,,,,,,,,,,,,,,,,,,,,,,,,,,-1.69,,,,,117211.0,,,,,,,,25783.0,,,,,,,,,1350.0,,,,0.0,,,,,0.0,,,,,9585.0,,,,,,,,,,,,33212.0,,0.0,,-3883.0,-2728494.0,,,,,,,2714713.0,,,,13781.0,,,,,,,,,,,,,,,,,0.0,0.0,,,41738.0,-5233.0,,,,,,,,,,,,,,,,,,,,,,,,,,,,,,,,,,,1612500.0
2011-02-28,2011-04-14,10-Q,INDIGENOUS ROOTS CORP.,IRCC,CIK0001373690,USD,,,,,,,,,1946.0,,,,,,,,,,,,,,,1192.0,,,,,,,,,,,,,,,,,,,,,,,,,,,,,,,,-0.15,,,,,94695.0,,,,,,,,57911.0,,,,,,,,,,,,,,,,,,,,,,,19428.0,,,,,,,,,,,,37869.0,,,,,-249606.0,,,,,,,228232.0,,,,21374.0,,,,,,,,,,,,,,,,,,,,,37757.0,,,,,,,,,,,,,,,,,,,,,,,,,,,,,,,,,,,,1551676.0
2011-05-31,2011-07-15,10-Q,INDIGENOUS ROOTS CORP.,IRCC,CIK0001373690,USD,,,,,,,,,1465.0,,0.0,,,,,,,,,,,,,18756.0,,,,,,,,,,,,,,,,,,,,,,,,,,,,,,,,-0.27,,,,,38934.0,,,,,,,,40703.0,,,,,,,,,,,,,,,,,,,,,,,19428.0,,,,,,,,,,,,77122.0,,,,,-444620.0,,,,,,,538061.0,,,,-93441.0,,,,,,,,,,,,,,,,,,,,,9604.0,,,,,,,,,,,,,,,,,,,,,,,,,,,,,,,,,,,,1551676.0
2011-08-31,2012-06-11,10-K,INDIGENOUS ROOTS CORP.,IRCC,CIK0001373690,USD,122740.0,,0.0,,,46869.0,3291370.0,,9072.0,8771.0,,,412050.0,146357.0,,21882.0,,,,,14618.0,36153.0,71552.0,71552.0,69406.0,,,,,0.001,0.001,3750000.0,1612500.0,1612500.0,,476191.0,1613.0,779877.0,,,0.0,,1719.0,,404000.0,,,404000.0,,-404000.0,,215.0,215.0,-4281623.0,781597.0,-2.18,,,0.35,,216344.0,,,,,,,,174362.0,,,35126.0,314000.0,,911000.0,,,-21788.0,-1000.0,,,,,,35176.0,-31094.0,31094.0,,14618.0,,,68505.0,,,47258.0,,,924499.0,412050.0,924499.0,,779877.0,,162389.0,250000.0,965829.0,-126290.0,-770133.0,-3500776.0,,-77577.0,,0.0,,162389.0,3423199.0,-3423199.0,1152973.0,,77577.0,,,,,0.0,125000.0,1290.0,39629.0,39629.0,,,,,476191.0,,,530663.0,21882.0,-62907.0,,59042.0,-3500776.0,,1075.0,,,,62907.0,-4281623.0,0.0,,,2603450.0,,-6400000.0,-0.73,10550000.0,5150000.0,0.12,0.12,0.41,,,,-512449.0,67500.0,,,5150000.0,,67500.0,,-67500.0,,35176.0,,1604281.0
2011-11-30,2015-04-14,10-Q,INDIGENOUS ROOTS CORP.,IRCC,CIK0001373690,USD,153932.0,,,,,,3291370.0,,0.0,,15693.0,,35908.0,35908.0,,0.0,,,,,0.0,,16261.0,16261.0,-55291.0,,,,,,0.001,3750000.0,1612500.0,1612500.0,,476191.0,1613.0,831596.0,,,,,,,,,,,,,,,,-4718794.0,,-0.27,,,,,121640.0,,,,,,,,11052.0,,,,,,,,,12639.0,,,,15479.0,,,,,39629.0,,,,,20322.0,,,67191.0,,,985528.0,35908.0,985528.0,,,,0.0,0.0,28118.0,,-83409.0,-437171.0,,,,,,,151156.0,-151156.0,,,286015.0,,,,,,,,,0.0,,,,,,,,50000.0,-21882.0,,,3739.0,-437171.0,,0.0,,,,,,,,,,,,,,,,,,,,,-949620.0,,,,,,,,,,19647.0,,1612500.0
2012-02-28,2015-06-22,10-Q,INDIGENOUS ROOTS CORP.,IRCC,CIK0001373690,USD,381224.0,,,,,,3291370.0,,,,,,19713.0,19713.0,,0.0,,,,,0.0,,66.0,,,,,,,,0.001,3750000.0,1612500.0,1612500.0,,476191.0,1613.0,,,,,,,,,,,,,,,,,,,,,,,,,,,,,,,,,,,19647.0,,,,,,,,,,,,,,,,,,,,,,,90940.0,,,1333823.0,19713.0,1333823.0,,952599.0,,,0.0,,,,,,,,,,,,,,,,,,,,,,,,0.0,,,,,,,,,,,,,,,0.0,,,,,-5083284.0,,,,,,,,,,,,,,,,-1314110.0,,,,,,,,,,,,
2012-05-31,2015-06-22,10-Q,INDIGENOUS ROOTS CORP.,IRCC,CIK0001373690,USD,396380.0,,,,,,3291370.0,,0.0,,0.0,,19661.0,19661.0,,0.0,,,,,0.0,,14.0,14.0,,,,,,0.001,,3750000.0,1612500.0,1612500.0,,476191.0,1613.0,975652.0,,,,,,,,,,,,,,,,-5121545.0,,-0.02,,,,,0.0,,,,,,,,12700.0,,,,,,,,,,,,,,,,,,,,,,,24560.0,,,115500.0,,,1372032.0,19661.0,1372032.0,,,,0.0,0.0,,,,-38261.0,,,,,,,13701.0,-13701.0,,,24560.0,,,,,,,,,0.0,,,,,,,,,,,,0.0,,,0.0,,,,,,,,,,,,,,,,,,,,,-1352371.0,,,,,,,,,,19647.0,,1612500.0
2012-08-31,2015-10-23,10-K,INDIGENOUS ROOTS CORP.,IRCC,CIK0001373690,USD,429131.0,289039.0,,,,140092.0,3291370.0,,1719.0,,15693.0,,977.0,977.0,,5529.0,,,,,,,,,-71552.0,,,,,0.001,,200000000.0,1612500.0,1612500.0,,476191.0,1613.0,975652.0,,,,,1719.0,,684000.0,88000.0,,591000.0,5000.0,-684000.0,,,,,975652.0,-0.56,,,0.35,,432281.0,0.854,,,,,,,47473.0,,,,280000.0,,,34000.0,,213168.0,,,,,,,,,39629.0,,,,,93223.0,,,140092.0,,,1410312.0,977.0,1410312.0,,,,,,177703.0,,-249255.0,-896886.0,,,,,,,536251.0,-536251.0,1690000.0,,360635.0,,,,,,,,,,,,,,,,,194056.0,-16353.0,,,11544.0,-896886.0,,,,,,,-5178509.0,,,,,,,,,5150000.0,0.12,0.12,,,,,-1409335.0,,,,5150000.0,,,,,,977.0,,1612500.0
2012-11-30,2015-11-17,10-Q,INDIGENOUS ROOTS CORP.,IRCC,CIK0001373690,USD,,290538.0,,,,164416.0,3291370.0,,,,,,,,,4684.0,,,,,,,,,,,,,,0.001,,3750000.0,1612500.0,1612500.0,,476191.0,1613.0,975652.0,,,,,,,,,,,,,,,,,,-0.02,,,,,,,,,,,,,1631.0,,,,,,,,,1499.0,,,,,,,,,,,,,,24324.0,,,831597.0,,,1435290.0,,,,,,,,-845.0,,845.0,-25955.0,,,,,,,1631.0,-1631.0,,,24324.0,,,,,,,,,,,,,,,,,,-845.0,,,,,,,,,,,-5204464.0,,,,,,,,,5150000.0,0.12,0.12,,,,,-1435290.0,,,,5150000.0,,,,,,,,1612500.0
2013-02-28,2015-11-17,10-Q,INDIGENOUS ROOTS CORP.,IRCC,CIK0001373690,USD,,291420.0,,,,188482.0,3291370.0,,,,,,0.0,,,,,,,,,,,,,,,,,0.001,,3750000.0,1612500.0,1612500.0,,476191.0,1613.0,980413.0,,,,,,,,,,,,,,,,,980413.0,-0.02,,,,,,,,,,,,,956.0,,,,,,,,,,,,,,,,,,,,,,,24067.0,,,952600.0,,,1460315.0,0.0,,,,,,,,,,-25023.0,,,,,,,956.0,-956.0,,,24067.0,,,,,,,,,,,,,,,,,,,,,,,,,,,,,-5229489.0,,,,,,,,,5150000.0,0.12,,,,,,-1460315.0,,,,,,,,,,,,1612500.0
2013-05-31,2015-11-17,10-Q,INDIGENOUS ROOTS CORP.,IRCC,CIK0001373690,USD,,292920.0,,,,213194.0,3291370.0,,,,,,2.0,,,,,,,,,,2.0,2.0,,,,,,0.001,,3750000.0,1612500.0,1612500.0,,476191.0,1613.0,980413.0,,,,,,,,,,,,,,,,,,-0.02,,,,,,,,,,,,,1499.0,,,,,,,,,,,,,,,,,,,,,,,24712.0,,,975652.0,,,1486527.0,2.0,,,,,,,,,,-26211.0,,,,,,,1499.0,-1499.0,,,24712.0,,,,,,,,,,,,,,,,,,,,,,,,,,,,,-5255699.0,,,,,,,,,5000000.0,0.12,,,,,,-1486525.0,,,,,,,,,,,,1612500.0
2013-08-31,2015-12-08,10-K,INDIGENOUS ROOTS CORP.,IRCC,CIK0001373690,USD,524795.0,524795.0,,,,237906.0,3291370.0,,,,,,,,,,,,,,,,,,,,,,,0.001,,200000000.0,1612500.0,1612500.0,,476191.0,1613.0,980413.0,,,,,,,592000.0,,,592000.0,,-592000.0,237906.0,,,,980413.0,-0.06,,,0.35,,,,,,,,,,-1941.0,,,,92000.0,,,-58000.0,,-2150.0,,,,,,,,,,,,,,97814.0,,,,,,1505208.0,,,,,,,,-768.0,,768.0,-95873.0,,,,,,,-1941.0,1941.0,1690000.0,592000.0,97814.0,,,,,,,,,,,,,,,,,4761.0,-5529.0,,,,-95873.0,,,-34000.0,,,,-5274382.0,,,,,-150000.0,,0.12,,5000000.0,0.12,,,,,,-1505208.0,,,,,,,,,592000.0,,,1612500.0
2013-11-30,2015-12-17,10-Q,INDIGENOUS ROOTS CORP.,IRCC,CIK0001373690,USD,550738.0,,,,,269349.0,3291370.0,,,,,,,,,,,,,,,,,,,,,,,0.001,,200000000.0,1612500.0,1612500.0,,476191.0,1613.0,980413.0,,,,,,,,,,,,,,,,,,-0.02,,,,,,,,,,,,,1500.0,,,,,,,,,1500.0,,,,,,,,,,,,,,24443.0,,,980413.0,,,1531151.0,,,,,,,,,,,-25943.0,,,,,,,1500.0,-1500.0,,,24443.0,,,,,,,,,,,,,,,,,,,,,,,,,,,,,-5300325.0,,,,,,,,,5000000.0,0.12,0.12,,,,,-1531151.0,,,,5000000.0,,,,,,,,1612500.0
2014-02-28,2015-12-17,10-Q,INDIGENOUS ROOTS CORP.,IRCC,CIK0001373690,USD,,576681.0,,,,286792.0,3291370.0,,,,,,,,,,,,,,,,,,,,,,,0.001,,200000000.0,1612500.0,1612500.0,,476191.0,1613.0,980413.0,,,,,,,,,,,,,,,,,980413.0,-0.02,,,,,,,,,,,,,1500.0,,,,,,,,,,,,,,,,,,,,,,,24443.0,,,980413.0,,,1557094.0,,,,,,,,,,,-25943.0,,,,,,,1500.0,-1500.0,,,24443.0,,,,,,,,,,,,,,,,,,,,,,,,,,,,,-5326268.0,,,,,,,,,5000000.0,0.12,,,,,,-1557094.0,,,,,,,,,,,,1612500.0
2014-05-31,2015-12-18,10-Q,INDIGENOUS ROOTS CORP.,IRCC,CIK0001373690,USD,602893.0,,,,,311504.0,3291370.0,,,,,,,,,,,,,,,,,,,,,,,0.001,,200000000.0,1612500.0,1612500.0,,476191.0,1613.0,980413.0,,,,,,,,,,,,,,,,,,-0.02,,,,,,,,,,,,,1500.0,,,,,,,,,,,,,,,,,,,,,,,24712.0,,,980413.0,,,1583306.0,,,,,,,,,,,-26212.0,,,,,,,1500.0,-1500.0,,,24712.0,,,,,,,,,,,,,,,,,,,,,,,,,,,,,-5352480.0,,,,,,,,,5000000.0,0.12,,,,,,-1583306.0,,,,,,,,,,,,1612500.0
2014-08-31,2017-02-28,10-K,INDIGENOUS ROOTS CORP.,IRCC,CIK0001373690,USD,623502.0,,27985.0,,,,3291370.0,,,,,25000.0,,,,,,,,,,,,,,,,,,0.001,,200000000.0,1612500.0,1612500.0,,,1613.0,980413.0,,,16833.0,,,,636000.0,,,636000.0,,636000.0,336216.0,,,,27985.0,-0.08,,0.35,0.35,,,,,,,,,,3929.0,,,,44000.0,,,,,397.0,,,,,-27985.0,27985.0,,,,,,,,98310.0,,,,,,1631900.0,,,,,,25000.0,,,,,-126692.0,,,,,,,28382.0,-28929.0,,636000.0,98310.0,,,,,,,,,,5000000.0,,,,,,,,,,,,-126692.0,,,-44000.0,,,,-5401074.0,,,,,,,,,5000000.0,0.12,0.12,,,,,-1631900.0,,,,5000000.0,,,,,636000.0,,,1612500.0
2014-11-30,2017-04-06,10-Q,INDIGENOUS ROOTS CORP.,IRCC,CIK0001373690,USD,646842.0,,28185.0,,,,3291370.0,,,,,,,,,,,,,,,,,,,,,,,0.001,,200000000.0,1612500.0,1612500.0,,,1613.0,980413.0,,,16833.0,,,,,,,,,,360659.0,,,,,-0.02,,,,,,,-984.0,,,,,,81.0,,,,,,,,,-1103.0,,,,,,200.0,,,,,,,,24443.0,,,,,,1655440.0,,,,,,,,,,,-23540.0,,,,,,,81.0,81.0,,,,,,,,,,,,,,,,,,,,,,,,,,,,,,,,-5424614.0,,,,,,,,,5000000.0,,,,,,,-1655440.0,,,,,,,,,,,,1612500.0
2015-02-28,2017-04-06,10-Q,INDIGENOUS ROOTS CORP.,IRCC,CIK0001373690,USD,669425.0,,28285.0,,,,3291370.0,,,,,,,,,,,,,,,,,,,,,,,0.001,,200000000.0,1612500.0,1612500.0,,,1613.0,980413.0,,,,,,,,,,,,,384565.0,,,,,-0.02,,,,,,,-1344.0,,,,,,121.0,,,,,,,,,,,,,,,,,,,,,,,-23906.0,,,,,,1678123.0,,,,,,,,,,,-22683.0,,,,,,,121.0,121.0,,,,,,,,,,,,,,,,,,,,,,,,,,,,,,,,-5447297.0,,,,,,,,,5000000.0,,,,,,,-1678123.0,,,,,,,,,,,,1612500.0
2015-05-31,2017-04-06,10-Q,INDIGENOUS ROOTS CORP.,IRCC,CIK0001373690,USD,695199.0,,28485.0,,,,3291370.0,,,,,,,,,,,,,,,,,,,,,,,0.001,,200000000.0,1612500.0,1612500.0,,,1613.0,980413.0,,,,,,,,,,,,,409277.0,,,,,-0.02,,,,,,,,,,,,,1262.0,,,,,,,,,,,,,,,,,,,,,,,-24712.0,,,,,,1704097.0,,,,,,,,,,,-25974.0,,,,,,,1262.0,1262.0,,,,,,,,,,,,,,,,,,,,,,,,,,,,,,,,-5473271.0,,,,,,,,,5000000.0,,,,,,,-1704097.0,,,,,,,,,,,,1612500.0
2015-08-31,2017-04-25,10-K,INDIGENOUS ROOTS CORP.,IRCC,CIK0001373690,USD,719361.0,,32987.0,,,433989.0,3291370.0,,,,,,37.0,,,,,,,,,,37.0,37.0,37.0,,,,,0.001,,200000000.0,1612500.0,1612500.0,,,1613.0,980413.0,,,,,,,,,,671000.0,,671000.0,433989.0,,,,32987.0,-0.06,,0.35,,,,,-3161.0,,,,,,3475.0,,,,35000.0,,,,,-1914.0,,,,,,5002.0,,,,,,,,97773.0,,,,,2737.0,1732761.0,37.0,,,,,,,,,37.0,-100824.0,,,,,,,,-6212.0,,,,,,,,,,,,,,,,,,,,,,,,,-100824.0,,,-35000.0,,,,-5501898.0,,,,,,,,,5000000.0,0.12,0.12,,,,,-1732724.0,,,,5000000.0,,,,,,,,1612500.0
2015-11-30,2017-06-20,10-Q,INDIGENOUS ROOTS CORP.,IRCC,CIK0001373690,USD,742692.0,,,,,458432.0,3414370.0,,,,,,763.0,,,,,,,,,,,763.0,726.0,,,,5000000.0,0.001,,200000000.0,4612500.0,4612500.0,,,4613.0,980413.0,,,,,,,,,,,,,,,,,46809.0,-0.04,,,,,,,,,,,,,128033.0,,,,,,,,,-1128.0,,,,,,13822.0,,,,,,,,24458.0,,,,,13198.0,1769914.0,763.0,,,,,,,,,726.0,-162426.0,,,,,,,,141231.0,,,,,,,,,,,,,,,9120.0,,,,,,,,,,,,,,,,,-5664325.0,,,2500.0,,,,,,,,,,126000.0,50000.0,,-1769151.0,,,,,,,,,,,,4082145.0
2016-02-29,2017-06-20,10-Q,INDIGENOUS ROOTS CORP.,IRCC,CIK0001373690,USD,771059.0,,,,,,3552370.0,,,,,,234.0,,,,,,,,,,,234.0,,,,,,0.001,,200000000.0,7612500.0,7612500.0,,,7613.0,980413.0,,,,,,,,,,,,,,,,,50234.0,-0.02,,,,,,,,,,,,,142695.0,,,,,,,,,,,,,,,,,,,,,,,-24428.0,,,,,8481.0,1801706.0,234.0,,,,,,,,,,-172320.0,,,,,,,,151176.0,,,,,,,,,,,,,,,,,,,,,,,,,,,,,,,,-5837646.0,,,,,,,,,,,,,,50000.0,,-1801472.0,,,,,,,,,,,,6953159.0
2016-05-31,2017-06-20,10-Q,INDIGENOUS ROOTS CORP.,IRCC,CIK0001373690,USD,801045.0,,,,,,3552370.0,,,,,,1949.0,,,,,,,,,,,1949.0,,,,,,0.001,,200000000.0,7612500.0,7612500.0,,,7613.0,980413.0,,,,,,,,,,,,,,,,,54747.0,-0.01,,,,,,,,,,,,,2049.0,,,,,,,,,,,,,,,,,,,,,,,-24712.0,,,,,6937.0,1836205.0,1949.0,,,,,,,,,,-32784.0,,,,,,,,8986.0,,,,,,,,,,,,,,,,,,,,,,,,,,,,,,,,-5870430.0,,,,,,,,,,,,,,50000.0,,-1834256.0,,,,,,,,,,,,5782830.0
2016-08-31,2017-07-06,10-K,INDIGENOUS ROOTS CORP.,IRCC,CIK0001373690,USD,596241.0,63879.0,55266.0,,,532362.0,3552370.0,,,,,,866.0,,,,,,,,,,866.0,866.0,829.0,,,,,0.001,,200000000.0,7612500.0,7612500.0,,,7613.0,1512775.0,,,16833.0,,,,,,,683000.0,,683000.0,532362.0,,,,55266.0,-0.02,,0.35,,,,,-1561.0,,,,,-236657.0,274188.0,,,,12000.0,,,,15227.0,15227.0,,,,,,22279.0,,,,,,,,98310.0,,,,,31050.0,1631920.0,866.0,,,,,,,,,829.0,-165330.0,,,,,,,,-305238.0,1953000.0,,,,,,,,,,,,,,,,,,,,,,,,-165330.0,,,-58000.0,,,,-5667228.0,,,,,,,,,,,,,,,,-1631054.0,,,,,,267000.0,,,,,,6702782.0
2016-11-30,2017-10-02,10-Q,INDIGENOUS ROOTS CORP.,IRCC,CIK0001373690,USD,596649.0,,,,,532362.0,3552370.0,,,,,,2683.0,,,,,,,,,,,2683.0,1817.0,,,,,0.001,,200000000.0,7612500.0,7612500.0,,,7613.0,980413.0,,,,,,,,,,,,,,,,,77980.0,0.0,,,,,,,165.0,,,,,,30415.0,,,,,,,,,408.0,,,,,,-7286.0,,,,,,,,,,,,,,1655042.0,2683.0,,,,,,,9275.0,,-7458.0,-30580.0,,,,,,,,30415.0,,,,,,,,,,,,,,,62980.0,,,,,,,,,,-30580.0,,,,,,,-5697808.0,,,,,,,,,,,,,,,,-1652359.0,,,,,,,9275.0,,,,,7612500.0
2017-02-28,2017-10-02,10-Q,INDIGENOUS ROOTS CORP.,IRCC,CIK0001373690,USD,557290.0,,,,,,3552370.0,,,,,,806.0,,,,,,,,,,,806.0,,,,,,0.001,,200000000.0,7612500.0,7612500.0,,,7613.0,980413.0,,,,,,,,,,,,,,,,,103212.0,0.0,,,,,,,-113.0,,,-37612.0,,-37612.0,30415.0,,,,,,,,,,,,,,,,,,,,,,,,,,,,,1640915.0,806.0,,,,,,,,,,7310.0,,,,,,,,30415.0,,,,,,,,,,,,,,,,,,,,,,,,,,,,,,,,-5691508.0,,,,,,,,,,,,,,,,-1640109.0,,,,,,,,,,,,7612618.0
2017-05-31,2017-10-02,10-Q,INDIGENOUS ROOTS CORP.,IRCC,CIK0001373690,USD,553508.0,,,,,532362.0,3552370.0,,,,,,4432.0,,,,,,,,,,4432.0,4432.0,,,,,,,,200000000.0,7612500.0,7612500.0,,,7613.0,980413.0,,,,,,,,,,,,,,,,,133852.0,-0.01,-0.01,,,,,,421.0,,,,,,37757.0,,,,,,,,,,,,,,,,,,,,,,,,,,,,154.0,1667773.0,4432.0,,,,,,,,,,-38332.0,,,,,,,,37911.0,,,,,,,,,,,,,,,,,,,,,,,,,,,,,,,,-5729840.0,,,,,,,,,,,,,,,,-1663341.0,,,,,,,,,,,,7612618.0
2017-08-31,2017-12-14,10-K,INDIGENOUS ROOTS CORP.,IRCC,CIK0001373690,USD,18256.0,18256.0,159772.0,,,,3552370.0,,,,,,2145.0,,,,,,,,,,2145.0,2145.0,-1279.0,,2145.0,1279.0,,0.001,0.001,200000000.0,7612618.0,7612618.0,1829750.0,,7613.0,1610816.0,980413.0,,,,,,,,,796000.0,,796000.0,630403.0,,,,159772.0,-0.03,-0.03,0.35,,,,,-862.0,,,,,37612.0,130834.0,,,,113000.0,,,,-8011.0,,,,,,,104506.0,,,,,,,,-98041.0,,,,,445.0,1788844.0,2145.0,,,,,,,36925.0,,-35646.0,-192570.0,,,,,1610816.0,,,-131279.0,2275000.0,,,,,,,,,,,,,,,36925.0,,,,,,,,,-192570.0,,,-67000.0,,,,-5859798.0,,,,,,,,,,,,,,,,-1786699.0,,,,,,,36925.0,,,,7612500.0,7612500.0
2017-11-30,2018-02-07,10-Q,INDIGENOUS ROOTS CORP.,IRCC,CIK0001373690,USD,23422.0,,38212.0,,,,4190761.0,,,,,,1523.0,,,,,,,,,,1523.0,1523.0,-622.0,,,-622.0,,0.001,,200000000.0,7737618.0,7737618.0,,,7738.0,1635259.0,980413.0,,,125400.0,,,,,,,,,654846.0,,,,,0.0,0.0,,,,,,-1416.0,,,,,,4494.0,,,,,,,,,5166.0,,,24443.0,,,3840.0,,,,,,,,24443.0,,,,,6550.0,1696893.0,1523.0,,,,,,,,,-622.0,-34071.0,,,,,,,,11044.0,,,,,,,,,,,,,,,,,,,,,,,,,-34071.0,,,,,,,-5893869.0,,,,,,,,,,,,,,,,-1695370.0,,,,,,,,,,,7707398.0,7707398.0
2018-02-28,2018-04-13,10-Q,INDIGENOUS ROOTS CORP.,IRCC,CIK0001373690,USD,15232.0,,52484.0,,,,4430261.0,,,,,,206.0,,,,,,,,,,,206.0,,,,,,0.001,,200000000.0,8237618.0,8237618.0,,,8238.0,1659165.0,,,,,,,,,,,,,678752.0,,,,,-0.01,-0.01,,,,,,-3186.0,,,,,,28044.0,,,,,,,,,,,,,,,,,,,,,,,23906.0,,,,,12740.0,1726881.0,206.0,,,,,,,,,,-271305.0,,,,,,,,40784.0,,,,,,,,,,,,,,,,,,,,,,,,,,,,,,,,-6165174.0,,,,,,,,,,,,,,,,-1726675.0,,,,,,210000.0,30000.0,,,,8147618.0,8147618.0
2018-05-31,2019-08-09,10-Q,INDIGENOUS ROOTS CORP.,IRCC,CIK0001373690,USD,15053.0,,,,,,4430261.0,,,,,,130.0,,,,,,,,,,130.0,,,,,,,0.001,,200000000.0,8237618.0,8237618.0,,,8238.0,1683877.0,,,,,,,,,,,,,703464.0,,,,63867.0,,-0.01,,,,,,-1134.0,,,,,,3131.0,,,,,,,,,,,,,,,,,,,,,,,24712.0,,,,,9283.0,1762797.0,130.0,,,,,,,,,,-35992.0,,,,,1683877.0,,12414.0,12414.0,,,,,,23578.0,,,,,,,,,,,,,,,,,,,,,,,,,,-6201166.0,,,,,,,,,,,,,,,,-1762667.0,,,,,,,,,,,8237618.0,8237618.0
2018-08-31,2019-10-24,10-K,INDIGENOUS ROOTS CORP.,IRCC,CIK0001373690,USD,62712.0,62712.0,,,0.0,,4430261.0,,,,,,0.0,0.0,,103.0,,,,,,,-103.0,-103.0,,,-103.0,-2248.0,,,0.001,200000000.0,8237618.0,8237618.0,,,8238.0,1708588.0,,,,125400.0,,0.0,,,0.0,567168.0,,567168.0,728176.0,0.0,0.0,,75283.0,,-0.05,0.21,,,,,0.0,-1063.0,,,,0.0,246075.0,,,,-228832.0,318163.0,,,44456.0,44456.0,,0.0,,,,40910.0,,,,,,,,97773.0,,97773.0,,210000.0,82602.0,1846686.0,0.0,1846686.0,,,0.0,,,30000.0,,-32248.0,-509406.0,0.0,96710.0,,,1708588.0,,328677.0,-328677.0,2700000.0,,,,,,0.0,,,,,,,30000.0,,30000.0,,0.0,,,,,,,-425387.0,,0.0,-89331.0,0.0,,,-6285185.0,0.0,0.1,,,,,,,,,,,,,4.0,-1846686.0,,300000.0,125000.0,,0.0,210000.0,30000.0,0.0,,,8085700.0,
2018-11-30,2019-11-19,10-Q,INDIGENOUS ROOTS CORP.,IRCC,CIK0001373690,USD,62712.0,,,,,,4430261.0,,,,,,82.0,,,,,,,,,,82.0,82.0,,,,82.0,,,0.001,200000000.0,8237618.0,8237618.0,,,8238.0,,,,,,,,,,,,,,752619.0,0.0,0.0,,76783.0,,0.0,,,,,,-1.0,1.0,,,,,1316.0,,,,,,,,,0.0,,0.0,24443.0,,,1500.0,,,,,,,,24443.0,,,,,,1872526.0,82.0,,,,,,,,-103.0,185.0,-25758.0,,,,,1733031.0,,1316.0,1316.0,,,,,,,,,,,,,,,,,,,,,,,,,,0.0,0.0,,,,,-6310943.0,0.0,,,,,,,,,,,,,,,-1872444.0,,,,,,,,,,,8237618.0,
2019-02-28,2020-02-10,10-Q,INDIGENOUS ROOTS CORP.,IRCC,CIK0001373690,USD,62712.0,,,,,,4430261.0,,,,,,64.0,,,,,,,,,,64.0,64.0,,,,,,,0.001,200000000.0,8237618.0,8237618.0,,,8238.0,,,-1731513.0,,,,,,,,,,,,0.0,,,78283.0,,0.21,,,,,,,,0.0,,,1756938.0,1518.0,,,,,,,,,,,,,,,,,,,,,,,23907.0,,,,,,140995.0,64.0,,,,,,,,,,1731513.0,,,,,,,1518.0,1518.0,,,,,,,,,,,,,,,,,,,,,,,,,,,,,,,,-4579430.0,,,,,,,,,,,,,,,,-140931.0,,,,,,,,,,,8237618.0,
2019-05-31,2020-04-24,10-Q,INDIGENOUS ROOTS CORP.,IRCC,CIK0001373690,USD,48994.0,,,64414.0,,2678.0,4485957.0,,,,,,869764.0,64460.0,,,63450.0,,,,,,46.0,46.0,,,,,,,0.001,200000000.0,14977618.0,14977618.0,,,14978.0,,,,,,,,,,,,,,,6674.0,,,84737.0,,0.0,,,,,,-13774.0,,-13774.0,,,0.0,6528.0,,,,,,,,,,,,,,,,,,,,,,,0.0,,,,,,945709.0,869764.0,154539.0,809300.0,-809300.0,791170.0,,,,,,1536.0,,,20808.0,,,,13202.0,,,,,,-572.0,-7100.0,,,,,,,,,,,,,,,,,,,,,,,,,,-4577894.0,964.0,,,,,,,,,,,,,,,-75945.0,,,,,,,,,,,12633100.0,
2019-08-31,2020-06-26,10-K,INDIGENOUS ROOTS CORP.,IRCC,CIK0001373690,USD,68868.0,,,65931.0,65931.0,,4486862.0,,,,,,865051.0,65959.0,799092.0,0.0,63450.0,63450.0,809300.0,63450.0,,,28.0,28.0,,,28.0,131.0,,,0.001,200000000.0,15086857.0,15086857.0,,,15088.0,0.0,,,,,,3569.0,,,0.0,211410.0,,214978.0,,16993.0,16993.0,,86237.0,,0.15,0.21,,,,,-13773.0,-13775.0,,,,-1756938.0,11650.0,,,,-352190.0,0.0,,,,68280.0,,-2481.0,,,,10954.0,,,,,,,6785.0,0.0,,48350.0,,0.0,19105.0,971190.0,865051.0,188398.0,782792.0,33293.0,782792.0,,,0.0,,131.0,1646901.0,809300.0,-1722363.0,,,,,47748.0,,1006713.0,,,782792.0,,,33293.0,,,,,,,0.0,,63450.0,,803520.0,,,,,,,,816085.0,799092.0,352190.0,0.0,0.0,,-4608089.0,2481.0,,,,,,,,,,,,,,,-106139.0,,,,,,,,,,,11062604.0,
2019-11-30,2020-07-13,10-Q,INDIGENOUS ROOTS CORP.,IRCC,CIK0001373690,USD,128318.0,,,,67567.0,,4486862.0,,,,,,860508.0,67577.0,792931.0,,63450.0,63450.0,,63450.0,,,10.0,10.0,,,,28.0,,,0.001,200000000.0,15086857.0,15086857.0,,,15088.0,,,,,,,,,,,,,,,10223.0,10223.0,,28823.0,,0.0,,,,,,,397.0,,,,,1657.0,,,,,,,,,59450.0,,-1636.0,,,,-57414.0,,,,,,,4062.0,0.0,,0.0,,,0.0,977288.0,860508.0,202919.0,820147.0,,,,,,0.0,-18.0,-10641.0,,397.0,,,,,11880.0,,,,,774369.0,,,45778.0,,,,,,,,,63450.0,,,,,,,,,,4062.0,792931.0,,,,,-4618730.0,1636.0,,,,,,,,,,,,,,,-116780.0,,,,,,,,,,,15086857.0,
2020-02-29,2020-07-29,10-Q,INDIGENOUS ROOTS CORP.,IRCC,CIK0001373690,USD,140044.0,,,5620.0,,,4486862.0,,,,,,834560.0,,786724.0,,63450.0,,,63450.0,,,42216.0,42216.0,,,,,,,0.001,200000000.0,15086857.0,15086857.0,,,15088.0,,,44725.0,,,,,,,,,,,,10254.0,,,30323.0,,0.0,,,,,,,,32835.0,,,0.0,1636.0,,,,,,,,,,,,,,,,,,,,,,,0.0,,,,,,994562.0,834560.0,224468.0,770094.0,,,,,,,,-43222.0,,,,,,,11890.0,,,,,,,,54101.0,,,,,,,,,,,,,,,,,,,,786724.0,,,,,-4661952.0,1503.0,,,,,,,,,,,,,,,-160002.0,,,,,,,,,,,15086857.0,
2020-05-31,2020-08-26,10-Q,INDIGENOUS ROOTS CORP.,IRCC,CIK0001373690,USD,176912.0,,,2101.0,,,4486862.0,,,,,,855662.0,75053.0,780609.0,,63450.0,,,63450.0,,,72952.0,72952.0,,,,,,,0.001,200000000.0,15086857.0,15086857.0,,,15088.0,,,,,,,,,,,,,,,10368.0,,,36115.0,,0.0,,,,,,,,-9624.0,,,0.0,16348.0,,,,,,,,,,,,,,,,,,,,,,,10733.0,,,,,0.0,1041473.0,855662.0,279613.0,,66586.0,761860.0,,,,,,-25809.0,,,,,,,26716.0,,,,27825.0,,27825.0,,,,,,,,,,,,,,,,,,,,,,780609.0,,,,,-4687761.0,2016.0,,,,,,,,,,,,,,,-185811.0,,,,,,,,,,,15086857.0,
2020-08-31,2020-12-07,10-K,INDIGENOUS ROOTS CORP.,IRCC,CIK0001373690,USD,139103.0,,,2885.0,2885.0,,4486862.0,,,,0.0,,797252.0,25999.0,,,63450.0,63450.0,-809300.0,63450.0,,,23114.0,23114.0,,23086.0,,23086.0,,,0.001,200000000.0,15086857.0,15086857.0,,,15088.0,,,,,,,12223.0,,,0.0,225105.0,,237328.0,,41210.0,,,37615.0,,-0.01,0.21,,0.0,,,0.0,-37982.0,,,0.0,0.0,9545.0,,,,-22350.0,0.0,,,,70235.0,,-63046.0,,,,-48622.0,,,,,,,6785.0,9261.0,,-9263.0,,,16062.0,1009818.0,797252.0,1009818.0,,833100.0,833100.0,,,-5617.0,,28703.0,-106427.0,0.0,-47245.0,,,,,66817.0,,1071931.0,,,,,,833100.0,,,,,,,,,63450.0,,0.0,,,,,-5617.0,,,13371.0,829456.0,22350.0,0.0,5617.0,,-4714516.0,7635.0,,,,,,,,,,,,,,,-212566.0,,,,,,,,,,,15086857.0,
2020-11-30,2021-02-23,10-Q,INDIGENOUS ROOTS CORP.,IRCC,CIK0001373690,USD,138336.0,,,,4887.0,,4486862.0,,,,,,786765.0,25852.0,,,,,,,,,20965.0,20965.0,,,,-2149.0,,,0.001,200000000.0,15086857.0,15086857.0,,,15088.0,,,,,,,,,,,,,,,10340.0,,,39115.0,,0.0,,,,,,,-590.0,,,,,1684.0,,,,,,,,,-767.0,,2003.0,,,,1500.0,,,,,,,,17740.0,,-17740.0,,,609.0,1028291.0,786765.0,,,,850840.0,,,0.0,,-2149.0,-28960.0,,-18330.0,,,,,12633.0,,,,,,,,,,,,,,,,,,,,,,,,0.0,,,0.0,760913.0,,,,,-4743476.0,2003.0,,,,,,,,,,,,,,,-241526.0,,,,,,,,,,,15086857.0,
2021-02-28,2021-04-08,10-Q,INDIGENOUS ROOTS CORP.,IRCC,CIK0001373690,USD,146767.0,,,989.0,,,4486862.0,,,,,,777340.0,26653.0,,,,,,,,,25664.0,25664.0,,,,,,,0.001,200000000.0,15086857.0,15086857.0,,,15088.0,,,,,,,,,,,,,,,10226.0,,,40615.0,,0.0,,,,,,,,-2600.0,,,,1518.0,,,,,,,,,,,,,,,,,,,,,,,19685.0,,,,,11023.0,1057907.0,777340.0,1057907.0,,,870525.0,,,,,,-39041.0,,,,,,,22767.0,,,,17085.0,,,,,,,,,,,,,,,,,,,,,,,,750687.0,,,,,-4782517.0,811.0,,,,,,,,,,,,,,,-280567.0,,,,,,,,,,,15086857.0,
2021-05-31,2021-07-19,10-Q,INDIGENOUS ROOTS CORP.,IRCC,CIK0001373690,USD,157626.0,,,1299.0,,,4486862.0,,,,,,762475.0,22242.0,,,,,,,,,20943.0,,,,,,,,0.001,200000000.0,15086857.0,15086857.0,,,15088.0,,,,,,,,,,,,,,,10453.0,,,42115.0,,0.0,,,,,,,,,,,,1516.0,,,,,,,,,,,,,,,,,,,,,,,21591.0,,,,,10857.0,1083157.0,762475.0,1083157.0,,,,,,,,,-40115.0,,,,,,,22826.0,,,,21590.0,,,,883416.0,,,,,,,,,,,,,,,,,,,,740233.0,,,,,-4822632.0,4301.0,,,,,,,,,,,,,,,-320682.0,,,,,,,,,,,15086857.0,
2021-08-31,2021-12-16,10-K,INDIGENOUS ROOTS CORP.,IRCC,CIK0001373690,USD,178256.0,,,,-1458.0,,4536362.0,,,,729780.0,,514445.0,514445.0,,,63450.0,63450.0,809300.0,63450.0,,,,515903.0,,492789.0,,,,,0.001,200000000.0,15586857.0,15586857.0,,,15588.0,,,,,,,0.0,,,0.0,1142542.0,,1142542.0,,41473.0,,,43615.0,,-0.06,0.21,,50000.0,,,,30370.0,,,-729780.0,,12044.0,,,,-192662.0,0.0,,,,39153.0,,-4343.0,,,,6000.0,,,,,,,,73042.0,17827.0,-89973.0,,,37126.0,1594448.0,514445.0,1594448.0,,906142.0,,,,466435.0,,26354.0,-917437.0,,-789383.0,,,,,140643.0,,1071931.0,,,,,,,,,,,,,,,63450.0,,,,,,,466435.0,,,0.0,0.0,192662.0,0.0,,,-5631953.0,12589.0,,,,,,,,,,,,,,,-1080003.0,,,,,,50000.0,,,,,15586857.0,
2021-11-30,2022-01-14,10-Q,INDIGENOUS ROOTS CORP.,IRCC,CIK0001373690,USD,190182.0,,,,-642.0,,4536362.0,,,,,,181639.0,181639.0,,,,,,,,,,182281.0,,,,,,,0.001,200000000.0,15586857.0,15586857.0,,,15588.0,,,,,,,,,,,,,,,0.0,,,45115.0,,0.0,,,,,,,11878.0,,,,,8465.0,,,,,,,,,11926.0,,816.0,,,,1500.0,,,,,,,,,4137.0,-12321.0,,,7461.0,1275189.0,181639.0,1275189.0,,916457.0,,,,-343000.0,,9378.0,-13547.0,,-443.0,,,,,15926.0,,,,,,,,,,,,,,,,,,,,,,,,-343000.0,,,,,,,,,-5645500.0,2822.0,,,,,,,,,,,,,,,-1093550.0,,,,,,,,,,,15586857.0,
