end,filed,form,Name,Ticker,CIK,Currency,AccountsPayableAndAccruedLiabilitiesCurrent,AccountsPayableAndOtherAccruedLiabilities,AccountsPayableAndOtherAccruedLiabilitiesCurrent,AccountsPayableCurrent,AccountsPayableRelatedPartiesCurrent,AccountsReceivableNet,AccountsReceivableNetCurrent,AccruedLiabilitiesAndOtherLiabilities,AccruedLiabilitiesCurrent,AccumulatedDepreciationDepletionAndAmortizationPropertyPlantAndEquipment,AccumulatedOtherComprehensiveIncomeLossNetOfTax,AdditionalPaidInCapital,AdjustmentsToAdditionalPaidInCapitalOther,AdjustmentsToAdditionalPaidInCapitalStockIssuedIssuanceCosts,AreaOfRealEstateProperty,Assets,AssetsCurrent,BuildingsAndImprovementsGross,CapitalizedComputerSoftwareAccumulatedAmortization,CapitalizedComputerSoftwareAmortization1,CapitalizedComputerSoftwareGross,Cash,CashAndCashEquivalentsAtCarryingValue,CashAndCashEquivalentsPeriodIncreaseDecrease,CashPeriodIncreaseDecrease,CommonStockParOrStatedValuePerShare,CommonStockSharesAuthorized,CommonStockSharesIssued,CommonStockSharesOutstanding,CommonStockValue,CommonStockValueOutstanding,ComprehensiveIncomeNetOfTax,ComprehensiveIncomeNetOfTaxAttributableToNoncontrollingInterest,ComprehensiveIncomeNetOfTaxIncludingPortionAttributableToNoncontrollingInterest,ConstructionInProgressGross,ContributionOfProperty,ContributionsFromNoncontrollingInterests,CostOfRevenue,DebtInstrumentFaceAmount,DebtInstrumentInterestRateStatedPercentage,DeferredTaxAssetsNet,Depreciation,DepreciationDepletionAndAmortization,DevelopmentStageEnterpriseDeficitAccumulatedDuringDevelopmentStage,DiscontinuedOperationIncomeLossFromDiscontinuedOperationBeforeIncomeTax,DisposalGroupNotDiscontinuedOperationGainLossOnDisposal,DueFromRelatedPartiesCurrent,DueToOtherRelatedPartiesCurrentAndNoncurrent,DueToRelatedPartiesCurrent,EarningsPerShareBasicAndDiluted,EffectiveIncomeTaxRateContinuingOperations,EffectiveIncomeTaxRateReconciliationAtFederalStatutoryIncomeTaxRate,EffectiveIncomeTaxRateReconciliationDeductions,EffectiveIncomeTaxRateReconciliationForeignIncomeTaxRateDifferential,EffectiveIncomeTaxRateReconciliationTaxCreditsForeign,EffectiveIncomeTaxRateReconciliationTaxExemptIncome,EffectOfExchangeRateOnCashAndCashEquivalents,EquityMethodInvestmentRealizedGainLossOnDisposal,FiniteLivedIntangibleAssetsNet,FurnitureAndFixturesGross,GainLossOnDispositionOfAssets,GainLossOnSaleOfBusiness,GeneralAndAdministrativeExpense,GrossProfit,IncomeLossFromContinuingOperationsBeforeIncomeTaxesExtraordinaryItemsNoncontrollingInterest,IncomeTaxExpenseBenefit,IncomeTaxesPaid,IncomeTaxesPaidNet,IncreaseDecreaseInAccountsPayable,IncreaseDecreaseInAccountsPayableAndAccruedLiabilities,IncreaseDecreaseInAccountsReceivable,IncreaseDecreaseInAccruedLiabilitiesAndOtherOperatingLiabilities,IncreaseDecreaseInDueFromRelatedParties,IncreaseDecreaseInDueToRelatedParties,IncreaseDecreaseInOtherAccountsPayableAndAccruedLiabilities,IncreaseDecreaseInOtherCurrentAssets,IncreaseDecreaseInOtherReceivables,IncreaseDecreaseInPrepaidDeferredExpenseAndOtherAssets,IndefiniteLivedIntangibleAssetsImpairmentLosses,InterestExpense,InterestPaid,LeaseholdImprovementsGross,Liabilities,LiabilitiesAndStockholdersEquity,LiabilitiesCurrent,MachineryAndEquipmentGross,MinorityInterest,MinorityInterestIncreaseFromStockIssuance,NetCashProvidedByUsedInFinancingActivities,NetCashProvidedByUsedInInvestingActivities,NetCashProvidedByUsedInOperatingActivities,NetIncomeLoss,NetIncomeLossAttributableToNoncontrollingInterest,NetIncomeLossIncludingPortionAttributableToNonredeemableNoncontrollingInterest,NoncashOrPartNoncashAcquisitionNoncashFinancialOrEquityInstrumentConsiderationOptionsIssued1,NoncashOrPartNoncashAcquisitionNoncashFinancialOrEquityInstrumentConsiderationSharesIssued1,NoncontrollingInterestIncreaseFromSubsidiaryEquityIssuance,NonoperatingIncomeExpense,NotesIssued1,NotesPayableRelatedPartiesClassifiedCurrent,NotesPayableRelatedPartiesCurrent,NotesPayableRelatedPartiesNoncurrent,OperatingExpenses,OperatingIncomeLoss,OperatingLossCarryforwards,OtherAssetsCurrent,OtherAssetsNoncurrent,OtherComprehensiveIncomeForeignCurrencyTransactionAndTranslationGainLossArisingDuringPeriodNetOfTax,OtherComprehensiveIncomeLossNetOfTax,OtherComprehensiveIncomeLossNetOfTaxPortionAttributableToParent,OtherExpenses,OtherNonoperatingExpense,OtherNonoperatingIncome,OtherNonoperatingIncomeExpense,OtherOperatingIncomeExpenseNet,OtherReceivables,OtherSignificantNoncashTransactionValueOfConsiderationReceived1,PaymentsForProceedsFromBusinessesAndInterestInAffiliates,PaymentsForProceedsFromPreviousAcquisition,PaymentsToAcquirePropertyPlantAndEquipment,PostconfirmationRetainedEarningsDeficit,PreferredStockParOrStatedValuePerShare,PreferredStockSharesAuthorized,PreferredStockSharesIssued,PreferredStockSharesOutstanding,PreferredStockValue,PrepaidExpenseAndOtherAssetsCurrent,PrepaidExpenseCurrent,ProceedsFromCollectionOfOtherReceivables,ProceedsFromContributedCapital,ProceedsFromIssuanceOrSaleOfEquity,ProceedsFromMinorityShareholders,ProceedsFromNotesPayable,ProceedsFromRelatedPartyDebt,ProceedsFromRepaymentsOfRelatedPartyDebt,ProfitLoss,PropertyPlantAndEquipmentGross,PropertyPlantAndEquipmentNet,PropertyPlantAndEquipmentOther,RepaymentsOfRelatedPartyDebt,RetainedEarningsAccumulatedDeficit,RevenueFromRelatedParties,Revenues,RevenuesExcludingInterestAndDividends,StockholdersEquity,StockholdersEquityIncludingPortionAttributableToNoncontrollingInterest,StockIssued1,StockIssuedDuringPeriodValueAcquisitions,WeightedAverageNumberOfShareOutstandingBasicAndDiluted,WeightedAverageNumberOfSharesOutstandingBasic
2008-12-31,2009-03-26,10-K,"LIVING 3D HOLDINGS, INC.",LTDH,CIK0000093205,USD,,,,,,,,,,,,,,,,,,,,,,,,,,,,,,,,,,,,,,,,,,,,,,,,,,,,,,,,,,,,,,,,,,,,,,,,,,,,,,,,,,,,,,,,,,,,,,,,,,,,,,,,,,,,,,,,,,,,,,,,,,,,,,,,,,,,,,,,,,,,,,,,,-897.0,-897.0,,,,
2009-12-31,2010-03-31,10-K,"LIVING 3D HOLDINGS, INC.",LTDH,CIK0000093205,USD,,,,,,,,,,,,,,,,,,,,,,,12711.0,,,,,,,,,,,,,,,,,,,,,,,,,,,,,,,,,,,,,,,,,,,,,,,,,,,,,,,,,,,,,,,,,,,,,,,,,,,,,,,,,,,,,,,,,,,,,,,,,,,,,,,,,,,,,,,,,-3200.0,,,,,,,,,-4097.0,-3200.0,,,,
2010-06-30,2010-08-23,10-Q,"LIVING 3D HOLDINGS, INC.",LTDH,CIK0000093205,USD,,,,,,,,,,,,,,,,,,,,,,,8169.0,,,,,,,,,,,,,,,,,,,,,,,,,,,,,,,,,,,,,,,,6358.0,,-6358.0,,,,,,,,,,,,,,,,,,,,,,,,,,,,,,,,,,,,,,,-6358.0,,,,,,,,,,,,,,,,,,,,,,,,,,,,,,,,-6358.0,,,,,,,,,,,,,,3414048.0
2010-09-30,2010-11-22,10-Q,"LIVING 3D HOLDINGS, INC.",LTDH,CIK0000093205,USD,,,,,,,,,,,,,,,,,,,,,,,2599.0,,,,,,,,,,,,,,,,,,,,,,,,,,,0.0,,,,,,,,,,,,,4068.0,,-4068.0,,,,,,,,,,,,,,,,,,,,,,,,,,,,,,,,,,,,,,,-4068.0,,,,,,,,,,,,,,,,,,,,,,,,,,,,,,,,-4068.0,,,,,,,,,,,,,,7112600.0
2010-12-31,2011-03-31,10-K,"LIVING 3D HOLDINGS, INC.",LTDH,CIK0000093205,USD,4071.0,,,,71926.0,,,3980.0,,,,-62591.0,,,,95723.0,95723.0,,,,,,95723.0,,83012.0,0.001,90000000.0,62590880.0,62590880.0,62591.0,,,,,,,,99997.0,,,,,,,,,,,,0.0,,,,,,,,,,,,,13775.0,37558.0,23914.0,,,,,,,2995.0,,,,,,,,,,,75906.0,95723.0,75906.0,,,,56103.0,,26909.0,23914.0,,,,,,,,,,,13775.0,23783.0,,,,,,,,,,131.0,,,,,,,,0.001,10000000.0,0.0,0.0,,,,,,,,,56103.0,,23914.0,,,,,19817.0,,137555.0,,19817.0,23914.0,,,62590880.0,
2011-03-31,2011-05-16,10-Q,"LIVING 3D HOLDINGS, INC.",LTDH,CIK0000093205,USD,,,,,,,,,,,,,,,,,,,,,,,100991.0,,5268.0,,,,,,,,,,,,,3941.0,,,,,,,,,,,,0.0,,,,,,,,,,,,,49057.0,430.0,,,,,3941.0,,,1540.0,,,,-10.0,,,,,,,,,,,,,48429.0,,-43161.0,-48632.0,,,,,,,,,,,49057.0,-48627.0,,,,,,,,,,-5.0,,,,,,,,,,,,,,,,,,,,48429.0,,-48632.0,,,,,,,4371.0,,,,,,62590880.0,
2011-06-30,2011-08-15,10-Q,"LIVING 3D HOLDINGS, INC.",LTDH,CIK0000093205,USD,6684.0,,,,,,,,,,,502845.0,,,,6788.0,6788.0,,,,,,102236.0,,,0.001,90000000.0,7112600.0,7112600.0,3414.0,,,,,,,,14815.0,,,,,,,,,,,,0.0,,,,,,,,,,,,,11883.0,2051.0,-2636.0,,,,,,,,,,,,,,,,,,,6788.0,18684.0,,,,,,,-9843.0,,,,,,,,,12000.0,,11883.0,-9832.0,,,,,,,,-400.0,,-11.0,,,,,,,,0.001,10000000.0,0.0,0.0,,,,,,,,,,,-9843.0,,,,,-518155.0,,16866.0,,-11896.0,,,,62590880.0,3414048.0
2011-09-30,2011-11-16,10-Q,"LIVING 3D HOLDINGS, INC.",LTDH,CIK0000093205,USD,2210.0,,,,2101.0,,,,,,,499696.0,,,,,,,,,,,97041.0,,,,,,,7113.0,,,,,,,,,,,,,,,,,,,,0.0,,,,,,,,,,,,,4877.0,,-4965.0,,,,,,,,,,,,,,,,,,,,16311.0,,,,,,,-4845.0,,,,,,,,,12000.0,,4877.0,-4877.0,,,,,,,,-300.0,,32.0,,,,,,,,,,,,,,,,,,,,,,-4845.0,,,,,-523120.0,,,,-16311.0,,,,62590880.0,7112600.0
2011-12-31,2012-04-16,10-K,"LIVING 3D HOLDINGS, INC.",LTDH,CIK0000093205,USD,,56515.0,56515.0,18757.0,120418.0,,,56515.0,,,,-69604.0,100.0,,,96914.0,96914.0,,,,,96881.0,96881.0,,1158.0,0.001,90000000.0,69703480.0,69703480.0,69704.0,,,,,,,,18756.0,,,,,,,,,,,,0.0,0.0,0.34,,0.165,0.165,0.34,,,,,,,121127.0,2481.0,-118693.0,,,,18757.0,52535.0,,52535.0,,,,-33.0,,,,,,,195690.0,96914.0,195690.0,,,,48592.0,,-47434.0,-118693.0,,,,62590880.0,,,,,,,121127.0,-118646.0,,33.0,,,,,,,,-47.0,,,,,,,,0.001,10000000.0,0.0,0.0,,,,100.0,,,,,48492.0,,-118693.0,,,,,-98876.0,,21237.0,,-98776.0,-98776.0,,,63058558.0,
2012-03-31,2012-05-15,10-Q,"LIVING 3D HOLDINGS, INC.",LTDH,CIK0000093205,USD,,,,18756.0,184807.0,,,135919.0,,,,-69604.0,,,,98761.0,98761.0,,,,,,98728.0,,1847.0,0.001,90000000.0,69703480.0,69703480.0,69704.0,,,,,,,,,,,,,,,,,,,,0.0,,,,,,,,,,,,,141862.0,,,,,,-1.0,,,79404.0,,,79404.0,,,,,,,,339482.0,98761.0,339482.0,,,,64389.0,,-62542.0,-141945.0,,,,,,,,,,,141862.0,-141862.0,,33.0,,,,,,,,-83.0,,,,,,,,0.001,10000000.0,0.0,0.0,,,,,,,,,64389.0,,-141945.0,,,,,-240821.0,,,,-240721.0,,,,69703480.0,
2012-06-30,2012-08-14,10-Q,"LIVING 3D HOLDINGS, INC.",LTDH,CIK0000093205,USD,,,,18756.0,184807.0,,,270624.0,,,,-69604.0,,,,84262.0,84262.0,,,,,84229.0,84229.0,,,0.001,90000000.0,69703480.0,69703480.0,69704.0,,,,,,,,,,,,,,,,,,,,0.0,,,,,,,,,,,,,149291.0,,,,,,,,,,,,,,,,,,,,474187.0,84262.0,474187.0,,,,,,,-149204.0,,,62590880.0,,,,,,,,149291.0,-149291.0,,33.0,,,,,,,,87.0,,,,,,,,0.001,10000000.0,0.0,0.0,,,,,,,,,,,-149204.0,,,,,-390025.0,,,,-389925.0,,,,69703480.0,
2012-09-30,2012-11-14,10-Q,"LIVING 3D HOLDINGS, INC.",LTDH,CIK0000093205,USD,,405624.0,,18756.0,184807.0,,,,,,,-69604.0,,,,31215.0,31215.0,,,,,,31182.0,,,0.001,90000000.0,69703480.0,69703480.0,69704.0,,-188039.0,,-188039.0,,,,,,,,,,,,,,,,0.0,,,,,,,,,,,,,189065.0,0.0,,,,,,,,,,,,,,,,,,,609187.0,31215.0,609187.0,,,,,,,-188039.0,,,62590880.0,,,,,,,,189065.0,-189065.0,,33.0,,,,,,,,1026.0,,,,,,,,0.001,10000000.0,0.0,0.0,,,,,,,,,,,-188039.0,,,,,-578072.0,,0.0,,-577972.0,,,,69703480.0,
2012-12-31,2013-04-15,10-K,"LIVING 3D HOLDINGS, INC.",LTDH,CIK0000093205,USD,,,534355.0,18756.0,184807.0,,,,,0.0,,-69604.0,,,,24890.0,24890.0,0.0,,,0.0,,24857.0,-72024.0,-72024.0,0.001,90000000.0,69703480.0,69703480.0,69704.0,69704.0,-614252.0,,,0.0,,,,,,,0.0,,713128.0,,,0.0,,184807.0,-0.01,0.0,0.34,,-0.34,0.165,0.34,,,,0.0,,,615279.0,,,,,,-1.0,477840.0,,,,,477840.0,,,,,,,,737918.0,24890.0,737918.0,0.0,,,64389.0,,-136413.0,-614252.0,,,,,,,,,,,615279.0,-615279.0,,33.0,,,-614252.0,,,,,1027.0,1027.0,,,,,,,0.001,10000000.0,0.0,0.0,,,,,,,,,64389.0,,-614252.0,0.0,0.0,0.0,,-713128.0,,,,-713028.0,-713028.0,,,69703480.0,
2013-03-31,2013-05-15,10-Q,"LIVING 3D HOLDINGS, INC.",LTDH,CIK0000093205,USD,,,632769.0,18756.0,206852.0,,,,,,,-69604.0,,,,35744.0,35744.0,,,,,,35711.0,10854.0,10854.0,0.001,90000000.0,69703480.0,69703480.0,69704.0,,-109605.0,,,,,,5548.0,,,,,,,,,,,,-0.01,,,,,,,,,,,,,110067.0,556.0,,,,,,,,,,,98414.0,,,,,,,,858377.0,35744.0,858377.0,,,,22045.0,,-11191.0,-109605.0,,,62590880.0,,,,,,,,110067.0,-109511.0,,33.0,,,,-109605.0,,,-94.0,-94.0,,,,,,,,0.001,10000000.0,0.0,0.0,,,,,,,,,22045.0,,-109605.0,,,,,-822733.0,,6104.0,,-822633.0,,,,69703480.0,
2013-06-30,2013-08-19,10-Q,"LIVING 3D HOLDINGS, INC.",LTDH,CIK0000093205,USD,,,709001.0,18756.0,236789.0,,,,709001.0,,,-69604.0,,,,16488.0,16488.0,,,,,,16431.0,,,0.001,90000000.0,69703480.0,69703480.0,,69704.0,-125425.0,,,,,,,,,,,,,,,,,,0.0,,,,,,,,,,,,,125457.0,,,,,,,,,,,,,,,,,,,,964546.0,16488.0,964546.0,,,,,,,-125425.0,,,,,,,,,,,125457.0,-125457.0,,57.0,,,,-125425.0,,,32.0,32.0,32.0,,,,,,,0.001,10000000.0,0.0,0.0,,,,,,,,,,,-125425.0,,,,,-948158.0,,,,-948058.0,,,,69703480.0,
2013-09-30,2013-11-14,10-Q,"LIVING 3D HOLDINGS, INC.",LTDH,CIK0000093205,USD,,,829674.0,18756.0,496070.0,,,,,205.0,807.0,-69604.0,,,,443326.0,216136.0,,,,,,201873.0,,,0.001,90000000.0,69703480.0,69703480.0,,69704.0,-195870.0,-30163.0,-195870.0,,,,,,,,,,,,,,,496070.0,0.0,,,,,,,,,,,,,197599.0,,,,,,,,,,,,,,,,,,,144929.0,1344500.0,443326.0,1344500.0,48870.0,212591.0,,,,,-166514.0,-31149.0,,,,,-64.0,,,,,197599.0,-197599.0,,14263.0,,1793.0,,-165707.0,,,,-64.0,,,,,,,,0.001,10000000.0,0.0,0.0,,,,,,,,,,,-197663.0,227395.0,227190.0,33596.0,,-1114672.0,,,,-1113765.0,-901174.0,,,69703480.0,
2013-12-31,2014-04-14,10-K,"LIVING 3D HOLDINGS, INC.",LTDH,CIK0000093205,USD,,,1075505.0,18756.0,,,,,,4799.0,809.0,-69604.0,,,,550395.0,70323.0,16594.0,,,3883.0,,54349.0,29492.0,,0.001,90000000.0,69703480.0,69703480.0,,69704.0,-643790.0,-99858.0,,335494.0,,242754.0,5548.0,,,,4799.0,,1357727.0,,,6544.0,,120056.0,-0.01,0.0,0.34,,-0.34,,,3074.0,,,27324.0,,,738685.0,556.0,,,,,,,,,6544.0,,481124.0,9299.0,,,,6806.0,,,1764317.0,550395.0,1214317.0,67898.0,142896.0,242754.0,727059.0,-425275.0,-275366.0,-644599.0,-100847.0,,,,242754.0,-7317.0,,,,550000.0,738685.0,-738129.0,,9430.0,,1798.0,-743648.0,-643790.0,511.0,,,-511.0,-7317.0,,,,,425275.0,,0.001,10000000.0,,,,,,,,,242754.0,,484305.0,,-745446.0,149377.0,480072.0,144578.0,,-1357727.0,,6104.0,,-1213922.0,-1213922.0,,,69703480.0,
2014-03-31,2014-05-20,10-Q,"LIVING 3D HOLDINGS, INC.",LTDH,CIK0000093205,USD,,,1158745.0,18756.0,,2262.0,,,,11206.0,1525.0,-69604.0,,,,513342.0,36456.0,,,,,,25827.0,-28522.0,,0.001,90000000.0,69703480.0,69703480.0,,69704.0,-165741.0,-34560.0,-200301.0,336507.0,,,2256.0,,,,6436.0,,1524185.0,,,6544.0,,200064.0,-0.002,,,,,,,-30.0,,,,,,191988.0,5.0,,,,,,,2262.0,,,,83622.0,-7046.0,,,,9941.0,,,1927565.0,513342.0,1377565.0,,108337.0,,81730.0,-3171.0,-107051.0,-166458.0,-35435.0,,,,,-9910.0,,,,550000.0,191988.0,-191983.0,,1823.0,,1592.0,,-165741.0,,,31.0,31.0,,,,,,3171.0,,0.001,10000000.0,,,,,,,,,,,81730.0,,-201893.0,151585.0,476886.0,140379.0,,,,2261.0,,-1522560.0,-1414223.0,,,69703480.0,
2014-06-30,2014-08-19,10-Q,"LIVING 3D HOLDINGS, INC.",LTDH,CIK0000093205,USD,,,1157834.0,24397.0,,8512.0,,,,0.0,,-69604.0,,,,19195.0,19195.0,,,,,,3850.0,,,0.001,90000000.0,69703480.0,69703480.0,,69704.0,-23951.0,,-23951.0,0.0,,,5642.0,,,,,,,,,6544.0,,85000.0,0.0,,,,,,,,126848.0,,,,,145918.0,609.0,,,,,,,,,,,,,,,,5482.0,,,1567231.0,19195.0,1267231.0,,,,,,,-23951.0,,,,,,-5490.0,,,,300000.0,19070.0,-18461.0,,289.0,,,,-23951.0,,,-8.0,-8.0,-5490.0,,,,,,,0.001,10000000.0,,,,,,,,,,,,,-23951.0,0.0,0.0,0.0,,-1548136.0,,6251.0,,-1548036.0,-1548036.0,,,69703480.0,
2014-09-30,2014-11-14,10-Q,"LIVING 3D HOLDINGS, INC.",LTDH,CIK0000093205,USD,,,1267223.0,18756.0,,,,,,0.0,,-69604.0,,,,11824.0,11824.0,,,,,,4991.0,,,0.001,90000000.0,69703480.0,69703480.0,,69704.0,-131119.0,,-131119.0,0.0,,,,,,,,,,,,6544.0,,105000.0,0.0,,,,,,,,,,,,,125498.0,,,,,,,,,,,,,,,,,5543.0,,,1690979.0,11824.0,1390979.0,,,,,,,-131119.0,,,,,,-5621.0,,,,300000.0,125498.0,-125498.0,,289.0,,,,-131119.0,,,,-78.0,,,,,,,,0.001,10000000.0,,,,,,,,,,,,,-131119.0,0.0,0.0,0.0,,-1679255.0,,,,-1679155.0,-1679155.0,,,69703480.0,
2014-12-31,2015-04-15,10-K,"LIVING 3D HOLDINGS, INC.",LTDH,CIK0000093205,USD,,,1401771.0,18756.0,,,,,,0.0,,-69604.0,,,,10524.0,10524.0,,,,,,3691.0,-50658.0,,0.001,90000000.0,69703480.0,69703480.0,69704.0,69704.0,-475557.0,-34559.0,,0.0,,,7898.0,,,,6436.0,,,,,6544.0,,123897.0,-0.01,0.0,0.34,,0.34,,,-30.0,126848.0,,,,126848.0,612547.0,614.0,,,,,,,,,,,410939.0,-7046.0,,,,26509.0,,,1844424.0,10524.0,1544424.0,,,,170627.0,-7120.0,-214135.0,-476273.0,-35435.0,,,,,-26623.0,,300000.0,,300000.0,485699.0,-485085.0,,289.0,,1592.0,-510116.0,-475557.0,114.0,,,,,,,3949.0,,3171.0,,0.001,10000000.0,,,,,,,,,,,170627.0,,-511708.0,0.0,0.0,0.0,,-1834000.0,,8512.0,,-1833900.0,-1833900.0,,,69703480.0,
2015-03-31,2015-05-15,10-Q,"LIVING 3D HOLDINGS, INC.",LTDH,CIK0000093205,USD,,,1475348.0,18756.0,,,,,,,,-69604.0,,,,10132.0,10132.0,,,,,,3299.0,-392.0,,0.001,90000000.0,69703480.0,69703480.0,,69704.0,-93969.0,,-93969.0,,,,6300.0,,,,,,,,,6544.0,,143897.0,0.0,,,,,,,,,,,,,88975.0,495.0,,,,,,,,,,,73577.0,,,,,5422.0,,,1938001.0,10132.0,1938001.0,,,,20000.0,,-20392.0,-93969.0,,,,,,-5489.0,,300000.0,,,88975.0,-88480.0,,289.0,,,,,,,,-67.0,,,,,,,,0.001,10000000.0,,,,,,,,,,,20000.0,,-93969.0,,,,,-1927969.0,,6795.0,,-1927869.0,-1927869.0,,,69703480.0,
2015-06-30,2015-08-19,10-Q,"LIVING 3D HOLDINGS, INC.",LTDH,CIK0000093205,USD,,,1534759.0,18756.0,,,,,,,,-69604.0,,,,8461.0,8461.0,,,,,,1628.0,,,0.001,90000000.0,69703480.0,69703480.0,69704.0,,-119382.0,,-119382.0,,,,,,,,,,,,,6544.0,,202197.0,0.0,,,,,,,,,,,,,113842.0,,,,,,,,,,,,,,,,,5422.0,,,2055712.0,8461.0,2055712.0,,,,,,,-119382.0,,,,,,-5540.0,,300000.0,,,113842.0,-113842.0,,289.0,,,,,,,,-118.0,,,,,,,,0.001,10000000.0,,,,,,,,,,,,,-119382.0,,,,,-2047351.0,,,,-2047251.0,,,,69703480.0,
2015-09-30,2015-11-16,10-Q,"LIVING 3D HOLDINGS, INC.",LTDH,CIK0000093205,USD,,,1586824.0,18756.0,,,,,,,,-69604.0,,,,9020.0,9020.0,,,,,,2187.0,,,0.001,90000000.0,69703480.0,69703480.0,69704.0,,-101506.0,,-101506.0,,,,,,,,,,,,,6544.0,,252197.0,0.0,,,,,,,,,,,,,95961.0,,,,,,,,,,,,,,,,,5423.0,,,2157777.0,9020.0,2157777.0,,,,,,,-101506.0,,,,,,-5545.0,,300000.0,,,95961.0,-95961.0,,289.0,,,,,,,,-122.0,,,,,,,,0.001,10000000.0,,,,,,,,,,,,,-101506.0,,,,,-2148857.0,,,,-2148757.0,,,,69703480.0,
2015-12-31,2016-03-30,10-K,"LIVING 3D HOLDINGS, INC.",LTDH,CIK0000093205,USD,,,69176.0,,,,,,,,,-597.0,,,,100.0,100.0,,,,,,100.0,-3591.0,,0.001,90000000.0,69703480.0,697043.0,697.0,,1761796.0,,,,,,6300.0,,,,,,,,2121795.0,131328.0,,3028.0,2.53,0.0,0.34,,0.34,,,,2121795.0,,,,,343920.0,495.0,,,0.0,,,,,,,,227167.0,,,,,16267.0,0.0,,72204.0,100.0,72204.0,,,,131328.0,-2087.0,-132832.0,1761796.0,,,,,,-16574.0,0.0,,,,-2121795.0,1778370.0,,,,,1761796.0,,307.0,,,-307.0,,,,,2087.0,,,0.001,10000000.0,,,0.0,,,,,,,,131328.0,,1761796.0,,,,,-72204.0,,6795.0,,-72104.0,,,,697043.0,
2016-03-31,2016-05-16,10-Q,"LIVING 3D HOLDINGS, INC.",LTDH,CIK0000093205,USD,,,71840.0,,,,,,,,,-69604.0,,,400.0,100.0,100.0,,,,,,100.0,0.0,,0.001,90000000.0,69703480.0,69703480.0,69704.0,,,,,,,,0.0,,,,0.0,,,,,,,10610.0,-0.02,0.0,34.0,0.0,-34.0,,,,,,,,,11502.0,0.0,,0.0,0.0,,0.0,,,,,7582.0,11502.0,,,,,,0.0,,82450.0,100.0,82450.0,,,,,,0.0,,,,,,,,8838.0,,,,11502.0,-10246.0,,,,,,,,,,,,,,,,,,0.001,10000000.0,,,,,,,,,,,,,-11502.0,,,,,-82450.0,,0.0,,-82350.0,,0.0,,697043.0,
2016-06-30,2016-08-10,10-Q,"LIVING 3D HOLDINGS, INC.",LTDH,CIK0000093205,USD,,,40542.0,,,,,,,,,-69604.0,,,400.0,100.0,100.0,,,,,,10328.0,,,0.001,90000000.0,69703480.0,69703480.0,69704.0,,,,,,,,6282.0,,,,,,,,,,,51017.0,-0.01,,,,,,,,,,,,,13923.0,3846.0,,,,,,,,,,,,,,,,,,,91559.0,100.0,91559.0,,,,,,,,,,,,,,,,,,13923.0,-9109.0,,,,,,,,,,,,,,,,,,0.001,10000000.0,,,,,,,,,,,,,-10077.0,,,,,-91559.0,,10128.0,,-91459.0,,,,697043.0,
2016-09-30,2016-11-14,10-Q,"LIVING 3D HOLDINGS, INC.",LTDH,CIK0000093205,USD,,,27473.0,,,,,,,,,-69604.0,,,400.0,100.0,100.0,,,,,,1354.0,,,0.001,90000000.0,69703480.0,69703480.0,69704.0,,,,,,,,0.0,,,,,,,,,,,77362.0,-0.02,,,,,,,,,,,,,19400.0,4308.0,,,,,,,,,,,,,,,,,,,104835.0,100.0,104835.0,,,,,,,,,,,,,,,,,,19400.0,-13276.0,,,,,,,,,,,,,,,,,,0.001,10000000.0,,,,,,,,,,,,,-15092.0,,,,,-104835.0,,4308.0,,-104735.0,,,,697043.0,
2016-12-31,2017-04-13,10-K,"LIVING 3D HOLDINGS, INC.",LTDH,CIK0000093205,USD,,,149832.0,0.0,,,4308.0,,,,,-497.0,100.0,,400.0,8644.0,4975.0,,,,,,667.0,567.0,,0.001,290000000.0,697043.0,697043.0,697.0,,,,,,4718.0,,6282.0,,,1192.0,1049.0,,,,0.0,,,98419.0,-0.24,0.0,0.34,,-0.34,,,,,,,,,175757.0,8154.0,,,0.0,,0.0,,4308.0,,,,171970.0,,,,,0.0,0.0,,248251.0,8644.0,248251.0,,,,-541.0,0.0,1108.0,,,,,,,0.0,91314.0,,,,175757.0,-158124.0,9573.0,,230769.0,,,,,,,0.0,,,,,0.0,,,0.001,10000000.0,0.0,0.0,0.0,,,,100.0,,,,0.0,641.0,-167603.0,,3669.0,,641.0,-239807.0,,14436.0,,-239607.0,,0.0,,697043.0,
2017-03-31,2017-05-15,10-Q,"LIVING 3D HOLDINGS, INC.",LTDH,CIK0000093205,USD,,,152150.0,5128.0,,,4308.0,,,,,-30497.0,,-30000.0,400.0,13417.0,10140.0,,,,,,5832.0,5165.0,,0.001,290000000.0,30697043.0,30697043.0,30697.0,,,,,,,,5128.0,,,,392.0,,,,,,,120105.0,0.0,0.0,34.0,-16.5,-34.0,,,,,,,,,24487.0,128.0,,0.0,0.0,,5128.0,,0.0,,,,24004.0,,,0.0,,,0.0,,277383.0,13417.0,277383.0,,,,0.0,,5165.0,,,,,,,,21686.0,,,,24487.0,,,,,,,,,,,,,,,,,,,0.001,10000000.0,0.0,0.0,0.0,,0.0,,,,,,0.0,,-24359.0,,3277.0,,0.0,-264166.0,,5256.0,,-263966.0,,30000.0,0.0,29363710.0,
2017-06-30,2017-08-11,10-Q,"LIVING 3D HOLDINGS, INC.",LTDH,CIK0000093205,USD,,,162018.0,5128.0,,,5590.0,,,,,-30497.0,,,400.0,8986.0,6103.0,,,,,,1795.0,,,0.001,290000000.0,30697043.0,30697043.0,30697.0,,,,,,,,0.0,,,,,,,,,,,122636.0,0.0,,,,,,,,,,,,,57817.0,1282.0,,,,,,,,,,,,,,,,,,,289782.0,8986.0,289782.0,,,,,,,,,,,,,,,,,,57817.0,,,,,,,,,,,,,,,,,,,0.001,10000000.0,0.0,0.0,0.0,,,,,,,,,,-56535.0,,2883.0,,,-280996.0,,1282.0,,-280796.0,,,,30697043.0,
2017-09-30,2017-11-14,10-Q,"LIVING 3D HOLDINGS, INC.",LTDH,CIK0000093205,USD,,,163307.0,5128.0,,,7257.0,,,,,-30497.0,,,400.0,10067.0,7577.0,,,,,,1602.0,,,0.001,290000000.0,30697043.0,30697043.0,30697.0,,,,,,,,0.0,,,,,,,,,,,132328.0,0.0,,,,,,,,,,,,,17067.0,1667.0,,,,,,,,,,,,,,,,,,,300763.0,10067.0,300763.0,,,,,,,,,,,,,,,,,,17067.0,,,,,,,,,,,,,,,,,,,0.001,10000000.0,0.0,0.0,0.0,,,,,,,,,,-15400.0,,2490.0,,,-290896.0,,1667.0,,-290696.0,,,,30697043.0,
2017-12-31,2018-04-17,10-K,"LIVING 3D HOLDINGS, INC.",LTDH,CIK0000093205,USD,,,184069.0,5128.0,,,7257.0,,,,,-69215.0,1282.0,,400.0,213868.0,57925.0,,76923.0,0.0,,,50668.0,50001.0,,0.001,290000000.0,70697043.0,70697043.0,70697.0,,,,,,0.0,,5128.0,,,2937.0,1572.0,,,,,,,441197.0,-0.01,0.0,0.34,,-0.34,,,,,,,,,181278.0,3077.0,,0.0,0.0,,5128.0,,2949.0,,,,176313.0,,0.0,,,,0.0,,630394.0,213868.0,630394.0,,,,48138.0,,1863.0,,,,,,,,142076.0,,,,181278.0,,26195.0,,153846.0,,,,,,,,,0.0,,,,,,0.001,10000000.0,0.0,0.0,0.0,0.0,,,1282.0,,,,93346.0,46490.0,-178201.0,,2097.0,,46490.0,-418008.0,,8205.0,,-416526.0,-416526.0,70000.0,0.0,30697043.0,
2018-03-31,2018-05-15,10-Q,"LIVING 3D HOLDINGS, INC.",LTDH,CIK0000093205,USD,,,185207.0,5128.0,,,2564.0,,,,,-69215.0,,,400.0,181052.0,38322.0,,,,,,23729.0,-26939.0,,0.001,290000000.0,70697043.0,70697043.0,70697.0,,,,,,,,0.0,,,,13213.0,,,,,,,438149.0,0.0,,,,,,,,,,,,,33470.0,2564.0,,,0.0,,0.0,,-4693.0,,,,18859.0,,,29.0,,,0.0,,628484.0,181052.0,628484.0,,,,-32769.0,,5830.0,,,-30906.0,,,,,17721.0,,,,33470.0,,,,,,,,,,,,,,,,,,,0.001,10000000.0,0.0,0.0,0.0,12029.0,12000.0,,,,,,55379.0,88148.0,-30906.0,,1704.0,,88148.0,-448914.0,,2564.0,,-447432.0,-447432.0,0.0,,70697043.0,
2018-06-30,2018-08-14,10-Q,"LIVING 3D HOLDINGS, INC.",LTDH,CIK0000093205,USD,,,189695.0,5128.0,,,3024.0,,,,,-69215.0,,,400.0,135536.0,6021.0,,,,,,2968.0,,,0.001,290000000.0,70697043.0,70697043.0,70697.0,,,,,,,,16132.0,,,,,,,,,,,424901.0,0.0,,,,,,,,,,,,,21084.0,-15672.0,,,,,,,,,,,,,,,,,,,619724.0,135536.0,619724.0,,,,,,,-36756.0,,-36756.0,,,,,,,,,21084.0,,,,,,,,,,,,,,,,,,,0.001,10000000.0,0.0,0.0,0.0,29.0,,,,,,,,,-36756.0,,1310.0,,,-485670.0,,460.0,,-484188.0,-484188.0,,,70697043.0,
2018-09-30,2018-11-14,10-Q,"LIVING 3D HOLDINGS, INC.",LTDH,CIK0000093205,USD,,,141599.0,5128.0,,,3414.0,,,,,-69215.0,,,400.0,122107.0,5805.0,,,,,,2362.0,,,0.001,290000000.0,70697043.0,70697043.0,70697.0,,,,,,,,16738.0,,,,,,,,,,,491737.0,0.0,,,,,,,,,,,,,15821.0,-16348.0,,,,,,,,,,,,,,,,,,,638464.0,122107.0,638464.0,,,,,,,-32169.0,,-32169.0,,,,,,,,,15821.0,,,,,,,,,,,,,,,,,,,0.001,10000000.0,0.0,0.0,0.0,29.0,,,,,,,,,-32169.0,,917.0,,,-517839.0,0.0,390.0,390.0,-516357.0,-516357.0,,,70697043.0,
2018-12-31,2019-04-01,10-K,"LIVING 3D HOLDINGS, INC.",LTDH,CIK0000093205,USD,,,228707.0,0.0,,,4095.0,,228707.0,,,-69215.0,,,400.0,108105.0,5017.0,,,51282.0,,,893.0,-49775.0,,0.001,290000000.0,70697043.0,70697043.0,70697.0,,,,,,,,49886.0,,,8932.0,52855.0,,,,,,519267.0,519267.0,0.0,0.0,0.21,,-0.21,,,,,102564.0,,,,177552.0,-45791.0,,0.0,0.0,,-5128.0,,-3162.0,,,,158482.0,,29.0,,,,0.0,,747974.0,108105.0,747974.0,,,,-35774.0,,-14001.0,,,,,,,,113844.0,,,,177552.0,,161482.0,,102564.0,,,,,,,,,29.0,,,,,,0.001,10000000.0,0.0,0.0,0.0,29.0,,,0.0,,,,1282.0,37056.0,-223343.0,,524.0,,37056.0,-641351.0,,4095.0,,-639869.0,-639869.0,0.0,,70697043.0,
2019-03-31,2019-05-14,10-Q,"LIVING 3D HOLDINGS, INC.",LTDH,CIK0000093205,USD,,,309786.0,,,,2240.0,,,,,-69215.0,,,400.0,94246.0,4371.0,,,,,,2102.0,1209.0,,0.001,290000000.0,70697043.0,70697043.0,70697.0,,,,,,,,14963.0,,,,13213.0,,,,,,,542217.0,0.0,,,,,,,,,,,,,103634.0,-14254.0,,,0.0,,,,-1855.0,,,,101521.0,,,0.0,,,0.0,,852003.0,94246.0,852003.0,,,,2508.0,,-1299.0,,,-117888.0,,,,,20442.0,,,,103634.0,,,,,,,,,,,,,,,,,,,0.001,10000000.0,0.0,0.0,0.0,29.0,0.0,,,,,,3846.0,1338.0,-117888.0,,131.0,,1338.0,-759239.0,,709.0,,-757757.0,-757757.0,,,70697043.0,
2019-06-30,2019-08-14,10-Q,"LIVING 3D HOLDINGS, INC.",LTDH,CIK0000093205,USD,,,,,,,4072.0,,396103.0,,,-69215.0,,,,81963.0,5040.0,,,,,,939.0,,,0.001,290000000.0,70697043.0,70697043.0,70697.0,,,,,,,,15405.0,,,,,,,,,,565337.0,565337.0,0.0,,,,,,,,,76923.0,,,,109652.0,-12068.0,,,,,,,,,,,,,,,,,,,961440.0,81963.0,961440.0,,,,,,,-121720.0,,-121720.0,,,,,,,,,109652.0,,,,,,,,,,,,,29.0,,,,,956400.0,0.001,10000000.0,0.0,0.0,0.0,,,,,,,,,,,,0.0,,,-880959.0,,3337.0,,-879477.0,-879477.0,,,70697043.0,
2019-09-30,2019-11-14,10-Q,"LIVING 3D HOLDINGS, INC.",LTDH,CIK0000093205,USD,,,,,,,10917.0,,396713.0,,,-69215.0,,,,80414.0,16311.0,,,,,,5365.0,,,0.001,290000000.0,70697043.0,70697043.0,70697.0,,,,,,,,15316.0,,,,,,,,,,560068.0,560068.0,0.0,,,,,,,,,64103.0,,,,13601.0,16711.0,,,,,,,,,,,,,,,,,,,956781.0,80414.0,956781.0,,,,,,,3110.0,,3110.0,,,,,,,,,13601.0,,,,,,,,,,,,,29.0,,,,,940470.0,0.001,10000000.0,0.0,0.0,0.0,,,,,,,,,,,,0.0,,,-877849.0,25000.0,32027.0,7027.0,-876367.0,-876367.0,,,70697043.0,
