end,filed,form,Name,Ticker,CIK,Currency,AccountsPayableAndAccruedLiabilitiesCurrent,AccountsPayableCurrent,AccountsPayableOtherCurrent,AccountsPayableRelatedPartiesCurrent,AccountsPayableRelatedPartiesCurrentAndNoncurrent,AccruedLiabilitiesCurrent,AccumulatedDepreciationDepletionAndAmortizationPropertyPlantAndEquipment,AccumulatedOtherComprehensiveIncomeLossNetOfTax,AdditionalPaidInCapital,AdjustmentForAmortization,AdjustmentsToAdditionalPaidInCapitalOther,AllocatedShareBasedCompensationExpense,AmortizationOfIntangibleAssets,AssetImpairmentCharges,Assets,AssetsCurrent,BusinessAcquisitionEquityInterestsIssuedOrIssuableNumberOfSharesIssued,CapitalizedComputerSoftwareAmortization,Cash,CashAndCashEquivalentsAtCarryingValue,CashAndCashEquivalentsPeriodIncreaseDecrease,CommitmentsFairValueDisclosure,CommonStockCapitalSharesReservedForFutureIssuance,CommonStockNoParValue,CommonStockParOrStatedValuePerShare,CommonStockShareSubscribedButUnissuedSubscriptionsReceivable,CommonStockSharesAuthorized,CommonStockSharesIssued,CommonStockSharesOutstanding,CommonStockSharesSubscribedButUnissued,CommonStockSharesSubscriptions,CommonStockValue,Communication,ComprehensiveIncomeNetOfTax,ConvertibleDebtFairValueDisclosures,CostOfGoodsAndServicesSoldAmortization,DebtConversionConvertedInstrumentAmount1,DebtConversionConvertedInstrumentSharesIssued1,DebtConversionOriginalDebtAmount,DebtConversionOriginalDebtAmount1,DebtInstrumentInterestRateDuringPeriod,DebtInstrumentInterestRateEffectivePercentage,DebtInstrumentInterestRateStatedPercentage,DeferredTaxAssetsGross,DeferredTaxAssetsOperatingLossCarryforwards,DeferredTaxAssetsOperatingLossCarryforwardsSubjectToExpiration,DeferredTaxAssetsTaxDeferredExpenseCompensationAndBenefitsShareBasedCompensationCost,DeferredTaxAssetsValuationAllowance,DueToRelatedPartiesCurrent,DueToRelatedPartiesCurrentAndNoncurrent,EarningsPerShareBasicAndDiluted,EffectiveIncomeTaxRateReconciliationAtFederalStatutoryIncomeTaxRate,EffectOfExchangeRateOnCash,EffectOfExchangeRateOnCashAndCashEquivalents,EquityIssuancePerShareAmount,ExplorationExpenseMining,ExtinguishmentOfDebtGainLossIncomeTax,FeesAndCommissionsDepositorAccounts,ForeignCurrencyTransactionGainLossBeforeTax,ForeignCurrencyTransactionGainLossRealized,GainsLossesOnExtinguishmentOfDebt,GeneralAndAdministrativeExpense,IncomeLossFromContinuingOperationsBeforeIncomeTaxesDomestic,IncomeLossFromContinuingOperationsBeforeIncomeTaxesExtraordinaryItemsNoncontrollingInterest,IncomeLossFromContinuingOperationsBeforeIncomeTaxesMinorityInterestAndIncomeLossFromEquityMethodInvestments,IncomeTaxExpenseBenefit,IncomeTaxReconciliationChangeInDeferredTaxAssetsValuationAllowance,IncomeTaxReconciliationChangeInEnactedTaxRate,IncomeTaxReconciliationForeignIncomeTaxRateDifferential,IncomeTaxReconciliationIncomeTaxExpenseBenefitAtFederalStatutoryIncomeTaxRate,IncomeTaxReconciliationNondeductibleExpense,IncomeTaxReconciliationNondeductibleExpenseShareBasedCompensationCost,IncomeTaxReconciliationOtherReconcilingItems,IncreaseDecreaseInAccountsPayable,IncreaseDecreaseInAccountsPayableAndAccruedLiabilities,IncreaseDecreaseInAccountsReceivable,IncreaseDecreaseInAccruedLiabilities,IncreaseDecreaseInAccruedSalaries,IncreaseDecreaseInDueToRelatedParties,IncreaseDecreaseInInterestPayableNet,IncreaseDecreaseInNotesReceivables,IncreaseDecreaseInOtherReceivables,IncreaseDecreaseInPrepaidExpense,InducedConversionOfConvertibleDebtExpense,IntangibleAssetsNetExcludingGoodwill,InterestAndOtherIncome,InterestExpense,InterestIncomeExpenseNonoperatingNet,InterestIncomeOperating,InterestPayableCurrentAndNoncurrent,InvestmentTaxCredit,LeaseAndRentalExpense,Liabilities,LiabilitiesAndStockholdersEquity,LiabilitiesCurrent,LoansPayableCurrent,LongTermDebtPercentageBearingFixedInterestRate,MineralPropertiesGross,NetCashProvidedByUsedInFinancingActivities,NetCashProvidedByUsedInInvestingActivities,NetCashProvidedByUsedInOperatingActivities,NetCashProvidedByUsedInOperatingActivitiesContinuingOperations,NetIncomeLoss,NoncashOrPartNoncashAcquisitionIntangibleAssetsAcquired1,NoncashOrPartNoncashAcquisitionOtherAssetsAcquired1,NotesAndLoansReceivableGrossCurrent,NotesAndLoansReceivableNetCurrent,NotesPayableCurrent,NotesReceivableFairValueDisclosure,NotesReceivableNet,OperatingExpenses,OperatingIncomeLoss,OperatingLossCarryforwards,OtherCommitment,OtherComprehensiveIncomeLossForeignCurrencyTransactionAndTranslationReclassificationAdjustmentFromAOCIRealizedUponSaleOrLiquidationNetOfTax,OtherComprehensiveIncomeLossForeignCurrencyTranslationAdjustmentTax,OtherComprehensiveIncomeLossNetOfTax,OtherCostAndExpenseOperating,OtherGeneralAndAdministrativeExpense,OtherNoncashExpense,OtherNonoperatingGainsLosses,OtherOperatingActivitiesCashFlowStatement,OtherReceivablesNetCurrent,PaymentsOfStockIssuanceCosts,PaymentsToAcquireMachineryAndEquipment,PaymentsToAcquireNotesReceivable,PaymentsToAcquireOtherPropertyPlantAndEquipment,PaymentsToAcquireProductiveAssets,PaymentsToAcquirePropertyPlantAndEquipment,PaymentsToAcquireSoftware,PrepaidExpenseAndOtherAssetsCurrent,PrepaidExpenseCurrent,ProceedsFromCollectionOfNotesReceivable,ProceedsFromIssuanceOfCommonStock,ProceedsFromLoans,ProceedsFromOtherDebt,ProceedsFromOtherEquity,ProceedsFromRelatedPartyDebt,ProceedsFromUnsecuredNotesPayable,ProfessionalAndContractServicesExpense,ProfessionalFees,ProfitLoss,PropertyPlantAndEquipmentGrossPeriodIncreaseDecrease,PropertyPlantAndEquipmentNet,PropertyPlantAndEquipmentTransfersAndChanges,RelatedPartyTransactionExpensesFromTransactionsWithRelatedParty,RepaymentsOfRelatedPartyDebt,ResearchAndDevelopmentExpense,RetainedEarningsAccumulatedDeficit,Revenues,SalariesAndWages,SalariesWagesAndOfficersCompensation,ShareBasedCompensation,ShareBasedGoodsAndNonemployeeServicesTransactionCashFlowEffects,SharesIssuedPricePerShare,StockGrantedDuringPeriodValueSharebasedCompensation,StockholdersEquity,StockholdersEquityIncludingPortionAttributableToNoncontrollingInterest,StockholdersEquityOther,StockIssued,StockIssued1,StockIssuedDuringPeriodSharesConversionOfConvertibleSecurities,StockIssuedDuringPeriodSharesIssuedForCash,StockIssuedDuringPeriodSharesNewIssues,StockIssuedDuringPeriodSharesOther,StockIssuedDuringPeriodSharesPurchaseOfAssets,StockIssuedDuringPeriodValueConversionOfConvertibleSecuritiesNetOfAdjustments,StockIssuedDuringPeriodValueIssuedForCash,StockIssuedDuringPeriodValueIssuedForNoncashConsiderations,StockIssuedDuringPeriodValueIssuedForServices,StockIssuedDuringPeriodValueNewIssues,StockIssuedDuringPeriodValueOther,StockIssuedDuringPeriodValuePurchaseOfAssets,StockIssuedDuringPeriodValueShareBasedCompensation,TechnologyServicesCosts,TranslationAdjustmentFunctionalToReportingCurrencyNetOfTaxPeriodIncreaseDecrease,TravelAndEntertainmentExpense,UnrecognizedTaxBenefitsIncomeTaxPenaltiesAndInterestAccrued,UnsecuredLongTermDebt,ValuationAllowancesAndReservesPeriodIncreaseDecrease,ValueAddedTaxReceivable,WeightedAverageNumberOfShareOutstandingBasicAndDiluted,WeightedAverageNumberOfSharesOutstandingBasic,AdjustmentsToAdditionalPaidInCapitalStockIssuedIssuanceCosts,CostOfGoodsAndServicesSold,ExtinguishmentOfDebtAmount,GrossProfit,StockIssuedDuringPeriodSharesIssuedForServices,StockIssuedDuringPeriodSharesShareBasedCompensation
2012-07-31,2012-09-21,10-Q,DUESENBERG TECHNOLOGIES INC.,DUSYF,CIK0001551887,USD,19603.0,,,,,,,,-27180.0,,,,,,164583.0,149583.0,,,,142065.0,,,,0.0,,,,6916661.0,6916661.0,,,472000.0,,,,,,,170500.0,,,,,,,,,,1500.0,1500.0,0.01,,,,,7000.0,,319.0,422.0,,,4122.0,,,-41379.0,,,,,,,,,,,,,,,,,,,,,4293.0,,4293.0,,,,4736.0,,164583.0,21103.0,,,15000.0,,,,,-37086.0,,,,,,,,,,,,,,,5480.0,985.0,,,,,,,,,,,,2227.0,,,,,,,,,3000.0,1114.0,,,,,,,,-301340.0,,,,,,,,143480.0,,,,,,,,,,,,,,,,,,,,,,,,5291.0,4884362.0,4884362.0,,,,,,
2012-10-31,2013-01-28,10-K,DUESENBERG TECHNOLOGIES INC.,DUSYF,CIK0001551887,USD,38556.0,,,,,,,,-27180.0,,,,,,135253.0,120253.0,,,117120.0,117120.0,95160.0,,,,0.001,,,6916661.0,6916661.0,,,472000.0,,,,,170500.0,,170500.0,,,,,,93826.0,,,-93826.0,,,-0.04,0.26,,,,10000.0,,484.0,290.0,,,25988.0,-196321.0,-196321.0,-214501.0,-51043.0,-53625.0,2145.0,,-51043.0,-4727.0,,,51366.0,,,,,23500.0,,-210038.0,-2019.0,526.0,,,18180.0,,-18180.0,18180.0,,,11725.0,38556.0,135253.0,38556.0,,,15000.0,,210038.0,-114878.0,,-196321.0,,,,,,,,,,375303.0,,,,,12214.0,6773.0,,,,2019.0,,,,,,,,1114.0,,210038.0,,,,,,,67218.0,50771.0,-196321.0,,,,,,,-348123.0,,,,26250.0,26250.0,,,96697.0,,,15000.0,,,,,,,,,170500.0,26250.0,,,15000.0,,,,2990.0,,,53625.0,2019.0,5400286.0,5400286.0,,,,,,
2013-01-31,2013-03-08,10-Q,DUESENBERG TECHNOLOGIES INC.,DUSYF,CIK0001551887,USD,24774.0,,,,7816.0,,,,-27180.0,,,,,,98675.0,83675.0,,,,76560.0,-40560.0,,,,0.0,,,6916661.0,6916661.0,,,472000.0,,,,,,,,,,,,,,,,,,,0.0,,,,,1000.0,,76.0,,,,2500.0,,,-22796.0,,,,,,,,,,-13782.0,,,,,,,-3982.0,,,,,,,,,,5432.0,,98675.0,24774.0,,,15000.0,,,-40560.0,,-22796.0,,,,,,,,,,,,,,,3112.0,2500.0,,,,,,,,,,,,1114.0,,,,,,,,,6000.0,1066.0,-22796.0,,,,6360.0,,,-370919.0,,,,,,,,73901.0,,,,,,,,,,,,,,,,,,,,,,,,6001.0,6919661.0,6919661.0,,,,,,
2013-04-30,2013-06-12,10-Q,DUESENBERG TECHNOLOGIES INC.,DUSYF,CIK0001551887,USD,30277.0,,,,7816.0,,,,-27180.0,,,,,,59056.0,44056.0,,,,31779.0,,,,,0.0,,,6916661.0,6916661.0,,,472000.0,,,,,,,,,,,,,,,,,,,0.01,,,,,1000.0,,89.0,1055.0,,,9879.0,,,-45122.0,,,,,,,,,,,,,,,,,,,,,,,,,,,1021.0,,59056.0,,,,15000.0,,,,,-45122.0,,,,,,,,,,,,,,-45122.0,18244.0,,,,,,,,,,,,,10281.0,,,,,,,,,7500.0,4334.0,,,,,,,,-416041.0,,,,,,,,28779.0,,,,,,,,,,,,,,,,,,,,,,,,1996.0,6919661.0,6919661.0,,,,,,
2013-07-31,2013-09-10,10-Q,DUESENBERG TECHNOLOGIES INC.,DUSYF,CIK0001551887,USD,30181.0,,,,7816.0,,,-756.0,-26208.0,,,,,,22241.0,7241.0,,,2728.0,2728.0,,,,,0.001,,,6916661.0,6916661.0,,,472000.0,500.0,,,,,,170500.0,,,,,,,,,,,,0.01,,,,,9837.0,,312.0,-134.0,,,6006.0,,,-36935.0,,,,,,,,,,,,,,,,,,,,,,,,,,,3917.0,30181.0,22241.0,30181.0,,,15000.0,,,,,-36935.0,,,,,,,,,,,,,,-37691.0,918.0,953.0,,,,2462.0,,,,,,,,2051.0,,,,,,,,,7215.0,3843.0,,,,,,,,-452976.0,,,,,,,,-7940.0,,,,,,,,,,,,,,,,,,,-756.0,1045.0,,,,,6919661.0,,,,,,,
2013-10-31,2014-01-29,10-K,DUESENBERG TECHNOLOGIES INC.,DUSYF,CIK0001551887,USD,65637.0,56623.0,,,7816.0,9014.0,,-63.0,-26180.0,,1000.0,,,-3600.0,17923.0,6226.0,,,4266.0,4266.0,-112854.0,,,,0.001,,200000000.0,6916661.0,6916661.0,,,472000.0,1042.0,,,,,,170500.0,,,,,900.0,131217.0,524867.0,,-132117.0,7816.0,,0.02,0.25,630.0,-63.0,,14220.0,,517.0,1128.0,,,18278.0,-153164.0,,-151524.0,-38291.0,38291.0,,,,,,,39067.0,,,-11986.0,,7816.0,,,59.0,1114.0,,,,,,,,1960.0,13241.0,73453.0,17923.0,73453.0,,,11697.0,,-297.0,-112494.0,,-153164.0,,,,,,,,151524.0,-151524.0,,,,,-153227.0,23931.0,18143.0,,3600.0,1000.0,1960.0,,,,297.0,,,,,,,,,,,,,27950.0,20159.0,-201475.0,,,,48054.0,,,-501287.0,,,,,,,,-55530.0,,,,,,,,,,,,,,,,,,,-63.0,1039.0,,,38291.0,,6919661.0,,,,,,,
2014-01-31,2014-03-17,10-Q,DUESENBERG TECHNOLOGIES INC.,DUSYF,CIK0001551887,USD,,80112.0,,,10883.0,13851.0,,5500.0,-26180.0,,,,,,16398.0,4701.0,,,1258.0,1258.0,-3008.0,,,,0.001,,,7216661.0,7216661.0,,,499000.0,1548.0,,,,,,170500.0,,,,,,,,,,10883.0,,0.01,,5563.0,5563.0,,,,127.0,334.0,5563.0,,3738.0,,,-65481.0,,,,,,,,,23489.0,28326.0,,4837.0,,3067.0,,,-483.0,-1000.0,,,,,,,,,2658.0,104846.0,16398.0,104846.0,,,11697.0,27000.0,,-35571.0,,-65481.0,,,,,,,,65481.0,-65481.0,,,,,-59918.0,7266.0,18692.0,,,,2443.0,,,,,,,,1000.0,,,27000.0,,,,,,10281.0,16911.0,-65481.0,,,,10282.0,,1122.0,-566768.0,,,,,,,,-88448.0,,,,,,,,,,,,,,,27000.0,,,,5563.0,935.0,,,,,7083694.0,,,,,,,
2014-04-30,2014-06-13,10-Q,DUESENBERG TECHNOLOGIES INC.,DUSYF,CIK0001551887,USD,,101462.0,2353.0,,11874.0,11135.0,,3219.0,-26180.0,,,,,,17337.0,5640.0,,,3905.0,3905.0,,,,,0.001,,,7216661.0,7216661.0,9000.0,9000.0,499000.0,128.0,,,,,,170500.0,,,,,,,,,,11874.0,,0.0,,,,,,,296.0,-46.0,,,,,,-27758.0,,,,,,,,,,,,,,,,,,,,,,,,,,,,126824.0,17337.0,126824.0,,,11697.0,,,,,-27758.0,,,,,,,,27758.0,,,,,,-30039.0,2646.0,20395.0,,,,1735.0,,,,,,,,,,,,,,,,,2595.0,-2494.0,,,,,,,,-594526.0,,,,,,,,-109487.0,,,,,,,,,,,,,,,,,,,-2281.0,,,,,,7216661.0,,,,,,,
2014-07-31,2014-09-10,10-Q,DUESENBERG TECHNOLOGIES INC.,DUSYF,CIK0001551887,USD,,100517.0,2367.0,,10372.0,16529.0,,2548.0,-26180.0,,,,,,17465.0,5768.0,,,5275.0,5275.0,,,,,,,,7541661.0,7541661.0,,,523375.0,,,,,,,,,,,,,,,,,10372.0,,0.0,,,,,1843.0,,86.0,-15.0,,,,,,,,,,,,,,,,,,,,,,,,,,,,,,,,,790.0,129785.0,17465.0,129785.0,,,11697.0,,,,,-17537.0,,,,,,,,15694.0,,,,,,-16866.0,1470.0,6978.0,,,,493.0,,,,,,,,,,,,,,,,,,4532.0,,,,,,,,-612063.0,,,,,,,,-112320.0,,,,,,,,,,,,,,,,,,,671.0,,,,,,7236441.0,,,,,,,
2014-10-31,2015-02-06,10-K,DUESENBERG TECHNOLOGIES INC.,DUSYF,CIK0001551887,USD,,74419.0,,70.0,,29002.0,,6552.0,-26180.0,,,,,,33439.0,21742.0,,,21512.0,21512.0,17246.0,,,,,,200000000.0,7806661.0,7806661.0,,,576375.0,1758.0,-126671.0,,,,,,,,,,900.0,164538.0,,,-165438.0,7844.0,,-0.02,0.25,,6615.0,,1843.0,,339.0,402.0,,,6762.0,-133286.0,,,-33321.0,33321.0,,,,,,,17796.0,,,19988.0,,28.0,,,1730.0,,,,,,,,,3454.0,3675.0,111265.0,33439.0,111265.0,,,11697.0,104375.0,,-93744.0,,-133286.0,,,,,,,,134897.0,-136740.0,,,,,-126671.0,13794.0,52728.0,,,,230.0,,,,,,,,,,,104375.0,,,,2714.0,,15511.0,22668.0,-155796.0,,,,17358.0,2606.0,1122.0,-634573.0,,,,,,,,-77826.0,,,,,,,,,,,,,,157375.0,104375.0,,,,10619.0,1796.0,,,,,7246798.0,,,,,,,
2015-01-31,2015-03-17,10-Q,DUESENBERG TECHNOLOGIES INC.,DUSYF,CIK0001551887,USD,,78832.0,,62.0,,16670.0,,10867.0,-26180.0,,,,,,82689.0,82689.0,,,80453.0,80453.0,58941.0,,,,,,200000000.0,8306661.0,8306661.0,,,676375.0,492.0,-42702.0,,,,,,,,,,,,,,,7653.0,,-0.01,,,4315.0,,2573.0,,342.0,-8225.0,4315.0,,1064.0,,,,,,,,,,,,5263.0,,,-12332.0,,-979.0,,,-2006.0,,,,,,,,,,388.0,103217.0,82689.0,103217.0,,,,100000.0,,-45374.0,,-47017.0,,,,,,,,32747.0,-35320.0,,,,,-42702.0,2984.0,25734.0,,,,2236.0,,,,,,,,,,,100000.0,,,,,,,7395.0,-47017.0,,,,,,,-681590.0,,,,,,,,-20528.0,,,,,,,,,,,,,,100000.0,100000.0,,,,4315.0,,,,,,7931661.0,,,,,,,
2015-04-30,2015-06-15,10-Q,DUESENBERG TECHNOLOGIES INC.,DUSYF,CIK0001551887,USD,,87691.0,,,,3466.0,,154906.0,-26180.0,,,,320108.0,,4142007.0,41319.0,,-320108.0,33714.0,33714.0,,,,,,,200000000.0,30806661.0,30806661.0,,,4951375.0,1441.0,-270921.0,,,,,,,,,,,,,,,67299.0,,-0.01,,,,,,,370.0,926.0,,,18527.0,,,,,,,,,,,,,,,,,,,,,,,4100688.0,,,,,,,,158456.0,4142007.0,158456.0,,,,,,,,-414960.0,,,,,,,,414960.0,,,,,,-270921.0,10822.0,11547.0,,,,1919.0,,,,,4100688.0,,4275000.0,5686.0,,,,,,,,,,1904.0,,,,,,,46362.0,-1096550.0,,,,,,0.19,,3983551.0,,,,,,,,,,,,,,,,,,46362.0,144039.0,,,,,,28278571.0,,,,,,,
2015-07-31,2015-09-14,10-Q,DUESENBERG TECHNOLOGIES INC.,DUSYF,CIK0001551887,USD,,76487.0,,,,3954.0,,-107263.0,-26180.0,,,,365215.0,,3473329.0,9249.0,,,4978.0,4978.0,,,,,,,200000000.0,30806661.0,30806661.0,,,4951375.0,,-657443.0,,,,,,,,,,,,,,,66780.0,,-0.01,,,,,,,93.0,4290.0,,,778.0,,,,,,,,,,,,,,,,,,,,,,,3464080.0,,,,,,,339.0,147221.0,3473329.0,147221.0,,,,,,,,-395274.0,,,,,,,,395274.0,,,,,,-657443.0,8595.0,11884.0,,,,750.0,,,,,,,,3521.0,,,,,,,,,,2092.0,,,,,,,,-1491824.0,,,,,,,,3326108.0,,,,,,,,,,,,,,,,,,,-262169.0,,,,,,30806661.0,,,,,,,
2015-10-31,2016-02-09,10-K,DUESENBERG TECHNOLOGIES INC.,DUSYF,CIK0001551887,USD,,95587.0,,,,6115.0,,46447.0,-26180.0,,,,,,6474.0,6474.0,,,3751.0,3751.0,-17761.0,,,,,,200000000.0,30806661.0,30806661.0,,,4951375.0,1933.0,-4579163.0,,,,,,,,,,3977.0,1369034.0,,,-1373011.0,186761.0,,-0.19,0.26,,-3553.0,,2088.0,,840.0,-2801.0,,,20369.0,-4619058.0,,,-1200955.0,1207573.0,-6618.0,,,,,,13747.0,,,-1768.0,,180000.0,,,-808.0,-1875.0,,,,,,,,485.0,718.0,288463.0,6474.0,288463.0,,,,100000.0,,-114208.0,,-4619058.0,,4303857.0,,,,,,-4605273.0,,,,,28857.0,,25875.0,60988.0,4303857.0,,,967.0,,,,,,,,1756.0,,,100000.0,,,,,,,11802.0,-8380865.0,,,,,,4470219.0,-5253631.0,,,,,,0.19,,-281989.0,,,,,,,500000.0,,22500000.0,,,,,100000.0,,4275000.0,,4470219.0,193605.0,,,,,,24424469.0,,,,,,,
2016-01-31,2016-03-16,10-Q,DUESENBERG TECHNOLOGIES INC.,DUSYF,CIK0001551887,USD,,98245.0,,,,7102.0,,57328.0,-26180.0,,,,,,5737.0,5737.0,,,5138.0,5138.0,1387.0,,,,,,200000000.0,31306661.0,31306661.0,,,5031375.0,,-178330.0,,,,,,,,,0.04,,,,,,270035.0,,-0.01,,,4523.0,,,,92.0,4257.0,,,15344.0,,,,,,,,,,,,2914.0,,,1456.0,,90000.0,22.0,,306.0,1875.0,,,,22.0,,,,,53.0,386056.0,5737.0,386056.0,10674.0,,,10335.0,,-13471.0,,-189211.0,,,,,,,,-110044.0,,,,,,,1910.0,10920.0,79167.0,,,599.0,,,,,,,,,,,,,,,,10335.0,,1334.0,-189211.0,,,,90000.0,,,-5442842.0,,,,,,,,-380319.0,,,,,,,,500000.0,,,,,,,80000.0,,,90000.0,10881.0,,,,,,31100139.0,,,,,,,
2016-04-30,2016-06-16,10-Q,DUESENBERG TECHNOLOGIES INC.,DUSYF,CIK0001551887,USD,,128103.0,,,,4781.0,,35766.0,-26180.0,,,,,,9805.0,9805.0,,,2190.0,2190.0,,,,,,,200000000.0,31306661.0,31306661.0,,,5031375.0,,-102292.0,,,,,,,,,,,,,,,330038.0,,0.0,,,,,,,331.0,-7636.0,,,4276.0,,,,,,,,,,,,,,,,,,,,,,,,,223.0,,,,,69.0,492416.0,9805.0,492416.0,29494.0,,,,,,,-80730.0,,,,,,,,80730.0,,,,,,,5713.0,11289.0,,,,1354.0,,,,,,,,6261.0,,,,,,,,,,5372.0,,,,,,,,-5523572.0,,,,,,,,-482611.0,,,,,,,,,,,,,,,,,,60000.0,-21562.0,,,,,,31306661.0,,,,,,,
2016-07-31,2016-09-14,10-Q,DUESENBERG TECHNOLOGIES INC.,DUSYF,CIK0001551887,USD,,48479.0,,,,4601.0,,42721.0,123093.0,,,,,,60612.0,60612.0,,,54309.0,54309.0,,,,,,,200000000.0,35013838.0,35013838.0,,,5298377.0,,-26169.0,,,,,,,,,,,,,,,37.0,,0.0,,,,,,,74.0,2904.0,,20611.0,43558.0,,,,,,,,,,,,,,,,,,,,,,,,,,,,,,195.0,153117.0,60612.0,153117.0,100000.0,,,,,,,-33124.0,,,,,,,,53735.0,,,,,,,5041.0,12086.0,,,,738.0,,,,,,,,5565.0,,,,,,,,,,2496.0,,,,,,,,-5556696.0,,,,,,,,-92505.0,,,,,,,,,,,,,,,,,,,6955.0,,,,,,32086482.0,,,,,,,
2016-10-31,2017-01-30,10-K,DUESENBERG TECHNOLOGIES INC.,DUSYF,CIK0001551887,USD,,49621.0,,,,8615.0,,38326.0,123093.0,,,28500.0,,,42196.0,42196.0,,,37055.0,37055.0,33304.0,,,,,,,35013838.0,35013838.0,,,5298377.0,194.0,-330362.0,,,,3407177.0,,408386.0,,,,4000.0,1453000.0,,,-1457000.0,36.0,,-0.01,0.26,,-5240.0,,,,781.0,5999.0,,20611.0,74928.0,-322241.0,,,-84000.0,84000.0,,,,,,,-1363.0,,,2647.0,,150000.0,241.0,,-621.0,-1888.0,,,,241.0,,,,,,158272.0,42196.0,158272.0,100000.0,,,126527.0,,-87983.0,,-322241.0,,,,,,,,268610.0,,,,,,,15978.0,45694.0,80000.0,,,1559.0,,,,,,,,3582.0,,,,,,,26527.0,100000.0,,9899.0,-341417.0,,,,,,150000.0,-5575872.0,,,,,,,,-116076.0,,,,387775.0,,,,500000.0,,387775.0,,,28500.0,,80000.0,,,150000.0,-12516.0,,,,,,32319137.0,,,,,,,
2017-01-31,2017-03-17,10-Q,DUESENBERG TECHNOLOGIES INC.,DUSYF,CIK0001551887,USD,,45027.0,,,,9849.0,,42296.0,123093.0,,,,,,17055.0,17055.0,,,3473.0,3473.0,-33582.0,,,,,,,35013838.0,35013838.0,,,5298377.0,,-21782.0,,,,,,,,,,,,,,,37.0,,0.0,,,5297.0,,,,,-5623.0,,,11453.0,,,,,,,,,,,,-5980.0,-5014.0,,966.0,,,,,-684.0,-7429.0,,,,,,,,,,154913.0,17055.0,154913.0,100000.0,,,,,-38879.0,,-25752.0,,,,,,,,20129.0,,,,,,,5424.0,,,,,2303.0,,,,,,,,11279.0,,,,,,,,,,339.0,-25752.0,,,,,,,-5601624.0,,,,,,,,-137858.0,,,,,,,,,,,,,,,,,,,3970.0,,,,,,35013838.0,,,,,,,
2017-04-30,2017-06-16,10-Q,DUESENBERG TECHNOLOGIES INC.,DUSYF,CIK0001551887,USD,,66428.0,,,,2532.0,,36325.0,123093.0,,,,,,11673.0,11673.0,,,2366.0,2366.0,,,,,,,,35013838.0,35013838.0,,,5298377.0,,-19464.0,,,,,,,,,,,,,,,35.0,,0.0,,,,,,,,8249.0,,,11378.0,,,,,,,,,,,,,,,,,,,,,,,,,,,,,,,168995.0,11673.0,168995.0,100000.0,,,,,,,-13493.0,,,,,,,,21742.0,,,,,,,5443.0,,,,,1143.0,,,,,,,,8164.0,,,,,,,,,,2668.0,,,,,,,,-5615117.0,,,,,,,,-157322.0,,,,,,,,,,,,,,,,,,,-5971.0,,,,,,35013838.0,,,,,,,
2017-07-31,2017-09-15,10-Q,DUESENBERG TECHNOLOGIES INC.,DUSYF,CIK0001551887,USD,,183865.0,,,,2455.0,,45207.0,123093.0,,,,,,22858.0,22858.0,,,13559.0,13559.0,,,,,,,,35013838.0,35013838.0,,,5298377.0,,-122881.0,,,,,,,,,,,,,,,10770.0,,0.0,,,,,,,,-14919.0,,,12152.0,,,,,,,,,,,,,,,,,,,,,,,,,3.0,,,,,,297090.0,22858.0,297090.0,100000.0,,,,,,,-125792.0,,,,,,,,110870.0,,,,,,,3753.0,,,,,904.0,,,,,,,,8395.0,,,,,,,,,,1711.0,,,,,,,90000.0,-5740909.0,,,,,,,,-274232.0,,,,,,,,,,,,,,,,,,90000.0,2911.0,,,,,,35013838.0,,,,,,,
2017-10-31,2018-02-13,10-K,DUESENBERG TECHNOLOGIES INC.,DUSYF,CIK0001551887,USD,,265251.0,,,,10239.0,,51283.0,123093.0,,,,,,19988.0,19988.0,,,15887.0,15887.0,-21168.0,,,,,,,35013838.0,35013838.0,,,5298377.0,,-276910.0,,,,,,,,,,4000.0,228000.0,,13000.0,-245000.0,37484.0,,-0.01,0.26,,572.0,,,,,-15922.0,16389.0,,47677.0,-289867.0,,,-75000.0,-1212000.0,,346000.0,,3000.0,-4000.0,942000.0,213724.0,213724.0,,,,728.0,250.0,,791.0,404.0,,,,250.0,,,,,,412974.0,19988.0,412974.0,100000.0,,,35841.0,,-57581.0,,-289867.0,,,,,,,,273695.0,,875000.0,,,,,21271.0,,,,,798.0,,,,,,,,3303.0,,,,,,,35841.0,,,8013.0,-414697.0,,0.0,,,,180000.0,-5865739.0,,,,,,,,-392986.0,-392986.0,,,,,,,,,,,,,,,,,180000.0,19033.0,,,,,,35013838.0,,,,,,,
2018-01-31,2018-03-16,10-Q,DUESENBERG TECHNOLOGIES INC.,DUSYF,CIK0001551887,USD,,350572.0,,,,11714.0,,66584.0,123093.0,,,,,,7241.0,7241.0,,,3669.0,3669.0,-12218.0,,,,,,,35013838.0,35013838.0,,,5298377.0,,-117542.0,,,,,,,,,,,,,,,55483.0,,0.0,,,145.0,,,,,-20159.0,20735.0,,12349.0,,,,,,,,,,,,,82651.0,,,,,459.0,,-5.0,700.0,,,,459.0,,,,,,517769.0,7241.0,517769.0,100000.0,,,15940.0,,-28303.0,,-132843.0,,,,,,,,112225.0,,,,,,,4386.0,,,,,842.0,,,,,,,,2730.0,,,,,,,15940.0,,,2010.0,-132843.0,,,,,,90000.0,-5998582.0,,,,,,,,-510528.0,,,,,,,,,,,,,,,,,,90000.0,15301.0,,,,,,35013838.0,,,,,,,
2018-04-30,2018-06-15,10-Q,DUESENBERG TECHNOLOGIES INC.,DUSYF,CIK0001551887,USD,,460618.0,,,,4674.0,,39329.0,123093.0,,,,,,19554.0,19554.0,,,10288.0,10288.0,,,,,,,,35013838.0,35013838.0,,,5298377.0,,-107615.0,,0.0,,,,,,,,,,,,,72405.0,,0.0,,,,,,,,32075.0,,,11652.0,,,,,,,,,,,,,,,,,,,,,,,,,588.0,,,,,,637697.0,19554.0,637697.0,100000.0,,,,,,,-80360.0,,,,,,,,111847.0,,,,-27255.0,,,6016.0,,,,,1140.0,,,,,,,,8126.0,,,,,,,,,,1975.0,,,,,,,90000.0,-6078942.0,,0.0,,,,,,-618143.0,-618143.0,,,,,,,,,,,,,,,,,,-27255.0,0.0,,,,,35013838.0,,,,,,,
2018-07-31,2018-09-14,10-Q,DUESENBERG TECHNOLOGIES INC.,DUSYF,CIK0001551887,USD,,548885.0,,,,3166.0,,51538.0,123093.0,,,,,,9743.0,9743.0,,,1406.0,1406.0,,,,,,,,35013838.0,35013838.0,,,5298377.0,,-199416.0,,0.0,,,,,,,,,,,,,87996.0,,-0.01,,,,,,,,-8517.0,,,12200.0,,,,,,,,,,,,,,,,,,,,,,,,,800.0,,,,,,740047.0,9743.0,740047.0,100000.0,,,,,,,-184370.0,,,,,,,,175053.0,,,,-15046.0,,,5568.0,,,,,1138.0,,,,,,,,7199.0,,,,,,,,,62294.0,751.0,,,,,,,90000.0,-6263312.0,,0.0,,,,,,-730304.0,-730304.0,,,,,,,,,,,,,,,,,,-15046.0,0.0,,,,,35013838.0,,,,,,,
2018-10-31,2019-01-30,10-K,DUESENBERG TECHNOLOGIES INC.,DUSYF,CIK0001551887,USD,,454254.0,,,,9555.0,,50428.0,123093.0,0.0,,,,,27676.0,23745.0,,,17964.0,17964.0,2077.0,,,,0.0,0.0,,35513838.0,35513838.0,,,5358377.0,,-558024.0,,0.0,,,,,,,,4000.0,307000.0,,13000.0,-324000.0,354877.0,,-0.02,0.26,,-151.0,,,0.0,,7376.0,3705.0,,50139.0,-557169.0,,,-145000.0,-210000.0,0.0,359000.0,,0.0,-4000.0,923000.0,,190186.0,,,180965.0,27481.0,2976.0,,203.0,1577.0,,,,2976.0,,,,,,918686.0,27676.0,918686.0,100000.0,,,107205.0,-3931.0,-101046.0,-101046.0,-716765.0,,,,,,,,561569.0,,1182000.0,,-1965.0,,,21426.0,,60000.0,,,982.0,,3931.0,,,,3931.0,,4799.0,4799.0,,,,,,107205.0,,62038.0,7058.0,-557169.0,3931.0,3931.0,,,,183427.0,-6422908.0,,206825.0,206825.0,,,,,-891010.0,-891010.0,,,,,,,,,,,,,,,,60000.0,183427.0,-855.0,11450.0,,0.0,,,35091920.0,,,,,,,
2019-01-31,2019-03-18,10-Q,DUESENBERG TECHNOLOGIES INC.,DUSYF,CIK0001551887,USD,,449361.0,,,,11412.0,,44433.0,123093.0,1361.0,,,,0.0,33526.0,25256.0,,,9797.0,9797.0,-8167.0,,,,,,,35513838.0,35513838.0,,,5358377.0,,-126374.0,,1361.0,,,,,,,,,,,,,490137.0,,0.0,,,180.0,,,,,0.0,-556.0,,13106.0,,,,,,,,,,,,,-3046.0,,,54027.0,12008.0,1848.0,,106.0,9560.0,,,,1848.0,,,,,,1050910.0,33526.0,1050910.0,100000.0,,,60459.0,-5515.0,-63291.0,-63291.0,-120379.0,,,,,,,,118531.0,,,,-5995.0,,,6960.0,,,,,1088.0,,,,,,5515.0,,14371.0,,,,0.0,,,60459.0,,0.0,3825.0,-120379.0,5515.0,8270.0,14.0,,,230.0,-6543287.0,,81533.0,,,,,,-1017384.0,-1017384.0,,,,,,,,,,,,,,,,,230.0,-5995.0,9262.0,,,,,35513838.0,,,,,,,
2019-04-30,2019-06-14,10-Q,DUESENBERG TECHNOLOGIES INC.,DUSYF,CIK0001551887,USD,,459063.0,,,,2234.0,,51489.0,123093.0,,,,,0.0,32496.0,25454.0,,,13568.0,13568.0,,,,,0.0,,,35513838.0,,,,5358377.0,,-109108.0,,1198.0,,,,,,,,,,,,,597691.0,,0.0,,,,,,,,0.0,,,12415.0,,,,,,,,,,,,,,,,,,,,,,,,,2395.0,,,,,,,32496.0,1158988.0,100000.0,,,,,,,-116164.0,,,,,,,,113769.0,,,,7056.0,,,5270.0,,,,,1125.0,,,,,,,,,10761.0,,,,,,,,0.0,1561.0,,,7042.0,,,,0.0,-6659451.0,,85825.0,,,,,,,-1126492.0,,,,,,,,,,,,,,,,,,,5898.0,,,,,35013838.0,,,,,,,
2019-07-31,2019-09-16,10-Q,DUESENBERG TECHNOLOGIES INC.,DUSYF,CIK0001551887,USD,,396055.0,,,,2424.0,,46219.0,123093.0,,,,,0.0,32022.0,26199.0,,,15937.0,15937.0,,,,,0.0,,,35513838.0,,,,5358377.0,,-127790.0,,1178.0,,,,923798.0,,,,,,,,,724463.0,,0.0,,,,,,,,81.0,,,13129.0,,,,,,,,,,,,,,,,,,,,,,,,,2905.0,,,,,,1286304.0,32022.0,1222942.0,100000.0,0.06,,,,,,-122520.0,,,,,,,,119696.0,,,,-5270.0,,,4166.0,,,,,1386.0,,,,,,,,,8876.0,,,,,,,,0.0,2678.0,,,5823.0,,,,0.0,-6781971.0,0.0,89957.0,,,,,,,-1254282.0,,,,,,,,,,,,,,,,,,,5202.0,,63362.0,,,35513838.0,,,,,,,
2019-10-31,2020-01-29,10-K,DUESENBERG TECHNOLOGIES INC.,DUSYF,CIK0001551887,USD,,43520.0,,,,19380.0,,46339.0,233009.0,4901.0,,,,0.0,53112.0,48553.0,,,19806.0,19806.0,1842.0,,,,0.0,-958215.0,,35513838.0,35513838.0,,958215.0,5358377.0,,-845345.0,,4901.0,,,,1847596.0,,,,8000.0,673000.0,,5000.0,686000.0,594177.0,,-0.02,0.27,,3.0,,,115000.0,,1856.0,2798.0,,56437.0,-841256.0,,,-227000.0,362000.0,-12000.0,-2000.0,,-121000.0,0.0,,,222541.0,,,212941.0,34044.0,11674.0,,-154.0,23128.0,115000.0,,,11674.0,,,954.0,,,721336.0,53112.0,657077.0,0.0,0.06,,243948.0,-5515.0,,-236594.0,-841256.0,,,,,0.0,,,716438.0,,2492000.0,,-4089.0,,,28899.0,,29333.0,,,827.0,,,,,,5515.0,,,27920.0,,,,,,243948.0,,29333.0,12143.0,-841256.0,5515.0,4559.0,14.0,,,200333.0,-7264164.0,0.0,338119.0,,,,,,,-668224.0,,,,,,,,,1038798.0,,,29333.0,,,,29333.0,,,27732.0,,64259.0,,,35513838.0,,,,,,,
2020-01-31,2020-03-16,10-Q,DUESENBERG TECHNOLOGIES INC.,DUSYF,CIK0001551887,USD,,49911.0,,,,2819.0,,38676.0,233009.0,1205.0,,,,22801.0,19757.0,16321.0,,,13618.0,13618.0,-6188.0,,,,0.0,,,42112717.0,42112717.0,,0.0,6316592.0,,-140298.0,,1205.0,,6465546.0,,,,,,,,,,,709872.0,,0.0,,,71.0,,,,,-2840.0,-10549.0,,12550.0,,,,,,,,,,,,,-9966.0,,,41344.0,19084.0,970.0,,310.0,-3748.0,,,,2520.0,,,970.0,,,828279.0,19757.0,763356.0,754.0,0.06,,35401.0,0.0,,-41660.0,-132635.0,,,,,,,,104474.0,,,,-7663.0,,,7542.0,,,,,1132.0,,,,,,0.0,,,1571.0,,,754.0,754.0,,34647.0,,6000.0,1726.0,-132635.0,,3436.0,7.0,,,0.0,-7396799.0,0.0,71958.0,,,,,,,-808522.0,,,,,,,,,0.0,,,0.0,,,,,,,3766.0,,64923.0,,,37257760.0,,,,,,,
2020-04-30,2020-06-11,10-Q,DUESENBERG TECHNOLOGIES INC.,DUSYF,CIK0001551887,USD,,52061.0,,,,2331.0,,72351.0,233009.0,,,,,0.0,26075.0,23932.0,,,13729.0,13729.0,,,,,0.0,,,42112717.0,42112717.0,,0.0,6316592.0,,-82234.0,,1166.0,,,,,,,,,,,,,799796.0,,0.0,,,,,,,,2896.0,,,11664.0,,,,,,,,,,,,,,,,,,,,,,,,,2996.0,,,1907.0,,,916831.0,26075.0,854188.0,,0.06,,,,,,-115909.0,,,,,,,,115809.0,,,,33675.0,,,3957.0,,,,,866.0,,,,,,,,,9337.0,,,,,,,,6000.0,1989.0,,,2143.0,,,,0.0,-7512708.0,0.0,80691.0,,,,,,,-890756.0,,,,,,,,,,,,,,,,,,,5141.0,,62643.0,,,42112717.0,,,,,,,
2020-07-31,2020-09-21,10-Q,DUESENBERG TECHNOLOGIES INC.,DUSYF,CIK0001551887,USD,,65234.0,,,,2413.0,,68919.0,233009.0,,,,,0.0,26770.0,25771.0,,,16855.0,16855.0,,,,,0.0,,,42112717.0,42112717.0,,0.0,6316592.0,,-126360.0,,1132.0,,,,,,,,,,,,,910245.0,,0.0,,,,,,,,-71.0,,,23511.0,,,,,,,,,,,,,,,,,,,,,,,,,3407.0,,,2876.0,,,1043886.0,26770.0,977892.0,,0.06,,,,,,-122928.0,,,,,,,,126542.0,,,,-3432.0,,,11454.0,,,,,813.0,,,,,,,,,8103.0,,,,,,,,6000.0,3196.0,,,999.0,,,,11307.0,-7635636.0,7092.0,67567.0,,,,,,,-1017116.0,,,,,,,,,,,,,,,,,,,182.0,,65994.0,,,42112717.0,,,,,,,
2020-10-31,2021-01-29,10-K,DUESENBERG TECHNOLOGIES INC.,DUSYF,CIK0001551887,USD,,69525.0,,,,13366.0,4353.0,58829.0,19399.0,4353.0,,,,22801.0,21150.0,20937.0,,,11715.0,11715.0,-8091.0,,,,0.0,,,43892801.0,43892801.0,,0.0,7171032.0,,-473426.0,,4353.0,,,,640830.0,,,,8000.0,415000.0,,0.0,423000.0,371650.0,,-0.01,0.27,,25.0,,,,,4513.0,1130.0,,59997.0,-485916.0,,,-131000.0,-263000.0,0.0,1000.0,,393000.0,0.0,,,20584.0,,,216592.0,53290.0,12887.0,,3016.0,334.0,0.0,,,12887.0,,,3921.0,,,521970.0,21150.0,521970.0,,0.06,,151773.0,0.0,,-159889.0,-485916.0,,,,,67429.0,,,472142.0,,1537000.0,,12490.0,,,32827.0,,0.0,,,3834.0,,,,,,0.0,,,5388.0,,,,,,151773.0,,24000.0,14242.0,-485916.0,,213.0,7.0,,,14629.0,-7750080.0,17401.0,295579.0,,,,,,,-500820.0,,,,,,,,,640830.0,,,0.0,,,,,,,10437.0,,0.0,,,41013936.0,,,0.0,,17401.0,,
2021-01-31,2021-03-22,10-Q,DUESENBERG TECHNOLOGIES INC.,DUSYF,CIK0001551887,USD,,678471.0,,,,6921.0,217.0,39329.0,19399.0,217.0,,,,0.0,41735.0,41735.0,,,11512.0,11512.0,-203.0,,,,0.0,,,43892801.0,43892801.0,,,7171032.0,,-778665.0,,217.0,,,,,,,,,,,,,550396.0,,-0.02,,,297.0,,,,,-4.0,-1299.0,,39233.0,,,,,,,,,,,,,600085.0,,,54585.0,21255.0,1156.0,,10889.0,9434.0,,,,4572.0,,,,,,1321220.0,41735.0,,,,,96992.0,,-97492.0,-97492.0,-759165.0,,,,,85432.0,,,764995.0,,,,-19500.0,,,4104.0,,,,,14777.0,,,,,,,,,15446.0,,,,14000.0,,82992.0,,6000.0,4614.0,-759165.0,2760.0,0.0,-31.0,,,616800.0,-8509245.0,10406.0,88425.0,,,,,,,-1279485.0,,,,,,,,,,,,,,,,,,,290.0,,,,,43892801.0,,,,,,,
2021-04-30,2021-06-21,10-Q,DUESENBERG TECHNOLOGIES INC.,DUSYF,CIK0001551887,USD,,571213.0,,,,6060.0,304.0,32151.0,-116430.0,,,,,0.0,437328.0,434659.0,,,284364.0,284364.0,,,,,0.0,,,45343538.0,,,,8442914.0,,-260059.0,598882.0,87.0,,,,,,,,,,,,,158936.0,,-0.01,,,,,,,,673.0,,-135829.0,48757.0,,,,,,,,,,,,,,,,,,,,,,,,,3054.0,,,,,,840819.0,437328.0,,,,,,,,,-252881.0,,,,,104610.0,,,260826.0,,,,-7178.0,,,13048.0,,,,,14250.0,,,,,,,,,136045.0,,,,,,,,6000.0,16687.0,,,2669.0,,,,2108.0,-8762126.0,10326.0,170339.0,,,,,,,-403491.0,,,,617404.0,,,,,463053.0,,,,673000.0,,,,,,620.0,,,,,44409711.0,,,,,,,
2021-07-31,2021-09-20,10-Q,DUESENBERG TECHNOLOGIES INC.,DUSYF,CIK0001551887,USD,,588622.0,,,,9395.0,562.0,22914.0,-118378.0,,,,,0.0,152199.0,149862.0,,,28000.0,28000.0,,,,,0.0,,,45406366.0,,,,8459283.0,,-353418.0,,258.0,,,,,,,,,,,,,191705.0,,-0.01,,,,,,,,-559.0,,,39720.0,,,,,,,,,,,,,,,,,,,,,,,,,1720.0,,,,,,894687.0,152199.0,,,,,,,,,-344181.0,,,,,104965.0,,,352127.0,,,,-9237.0,,,6520.0,,,,,23684.0,,,,,,,,,98178.0,,,,,,,,6000.0,6839.0,,,2337.0,,,,155285.0,-9106307.0,10225.0,128970.0,,,,,,,-742488.0,,,,,,,,,24126.0,,,,-9705.0,,,,,,1118.0,,,,,45351050.0,,,,,,,
2021-10-31,2022-02-15,10-K,DUESENBERG TECHNOLOGIES INC.,DUSYF,CIK0001551887,USD,,576881.0,,,,45318.0,990.0,26838.0,-111119.0,,,,,0.0,41021.0,39069.0,,,7434.0,7434.0,,,,,0.0,,,45616043.0,,150000.0,,8503314.0,,-1739833.0,,990.0,,,,,,,,8000.0,800000.0,,,808000.0,273869.0,,-0.04,0.27,,,,,,,-658.0,,,250134.0,-1707842.0,,,-461000.0,385000.0,,0.0,,76000.0,,,,,,,,,,,,,,,,10758.0,,,,,,1002960.0,41021.0,,,,,,,,,-1707842.0,,,,,106892.0,,,1737885.0,,2964000.0,,-31991.0,,,33391.0,,,,,26601.0,,,,,,,,,5034.0,,,,,,,,24000.0,32610.0,,2760.0,1952.0,-31.0,,,848291.0,-9457922.0,41577.0,510621.0,,,,,,,-961939.0,,,,,,,,,537711.0,,,76950.0,673000.0,,,,,,8611.0,,,,,44795476.0,,9705.0,118.0,758.0,41459.0,,
