end,filed,form,Name,Ticker,CIK,Currency,AccountsPayableCurrent,AccountsReceivableNetCurrent,AccruedLiabilitiesCurrent,AccumulatedOtherComprehensiveIncomeLossNetOfTax,AdditionalPaidInCapital,AdditionsToContractHoldersFunds,AdvertisingExpense,AntidilutiveSecuritiesExcludedFromComputationOfEarningsPerShareAmount,Assets,AssetsCurrent,AvailableForSaleSecuritiesDebtSecuritiesCurrent,Cash,CashAndCashEquivalentsAtCarryingValue,CashAndCashEquivalentsPeriodIncreaseDecrease,CashCashEquivalentsAndShortTermInvestments,CashCashEquivalentsRestrictedCashAndRestrictedCashEquivalentsIncludingDisposalGroupAndDiscontinuedOperations,CashCashEquivalentsRestrictedCashAndRestrictedCashEquivalentsPeriodIncreaseDecreaseIncludingExchangeRateEffect,CashFDICInsuredAmount,CashPeriodIncreaseDecrease,CommonStockParOrStatedValuePerShare,CommonStockSharesAuthorized,CommonStockSharesIssued,CommonStockSharesOutstanding,CommonStockValue,ComprehensiveIncomeNetOfTax,CostOfGoodsAndServicesSold,CostOfGoodsSold,CostOfPropertyRepairsAndMaintenance,CostsAndExpenses,DeferredTaxAssetsGross,DeferredTaxAssetsOperatingLossCarryforwards,DeferredTaxAssetsValuationAllowance,Depreciation,DevelopmentInProcess,DueFromAffiliates,DueToOtherRelatedPartiesNoncurrent,DueToRelatedPartiesCurrentAndNoncurrent,DueToRelatedPartiesNoncurrent,EarningsPerShareBasic,EarningsPerShareBasicAndDiluted,EffectiveIncomeTaxRateContinuingOperations,EffectiveIncomeTaxRateReconciliationAtFederalStatutoryIncomeTaxRate,EffectiveIncomeTaxRateReconciliationChangeInDeferredTaxAssetsValuationAllowance,EffectiveIncomeTaxRateReconciliationOtherAdjustments,EffectiveIncomeTaxRateReconciliationStateAndLocalIncomeTaxes,EffectOfExchangeRateOnCashAndCashEquivalentsContinuingOperations,EmployeeRelatedLiabilitiesCurrent,EmployeeServiceShareBasedCompensationCashFlowEffectCashUsedToSettleAwards,EquityMethodInvestmentOwnershipPercentage,GainLossOnInvestments,GainLossOnSaleOfDebtInvestments,GainLossOnSaleOfInvestments,GeneralAndAdministrativeExpense,GrossProfit,IncomeLossFromContinuingOperations,IncomeLossFromContinuingOperationsBeforeIncomeTaxesDomestic,IncomeLossFromContinuingOperationsBeforeIncomeTaxesMinorityInterestAndIncomeLossFromEquityMethodInvestments,IncomeTaxExpenseBenefit,IncomeTaxesPaidNet,IncomeTaxReconciliationChangeInDeferredTaxAssetsValuationAllowance,IncomeTaxReconciliationIncomeTaxExpenseBenefitAtFederalStatutoryIncomeTaxRate,IncomeTaxReconciliationOtherAdjustments,IncomeTaxReconciliationStateAndLocalIncomeTaxes,IncreaseDecreaseInOtherAccruedLiabilities,IncreaseDecreaseInTradingSecurities,InterestAndDividendIncomeSecuritiesAvailableForSale,InterestExpense,InterestIncomeExpenseNet,InterestPaid,InterestPaidNet,InterestPayableCurrent,InvestmentIncomeDividend,LandSales,Liabilities,LiabilitiesAndStockholdersEquity,LiabilitiesCurrent,LiabilitiesFairValueDisclosure,LiabilitiesNoncurrent,LineOfCredit,LinesOfCreditCurrent,LoansPayableCurrent,LongTermInvestmentsAndReceivablesNet,LongTermLineOfCredit,LongTermNotesPayable,MarketableSecuritiesCurrent,MarketableSecuritiesRealizedGainLoss,MarketingAndAdvertisingExpense,MinorityInterest,MinorityInterestChangeInRedemptionValue,NetCashProvidedByUsedInFinancingActivities,NetCashProvidedByUsedInInvestingActivities,NetCashProvidedByUsedInOperatingActivities,NetIncomeLoss,NetIncomeLossAvailableToCommonStockholdersBasic,NotesPayableCurrent,OperatingExpenses,OperatingIncomeLoss,OperatingLossCarryforwards,OtherComprehensiveIncomeLossNetOfTax,OtherComprehensiveIncomeUnrealizedHoldingGainLossOnSecuritiesArisingDuringPeriodNetOfTax,OtherCostOfServices,OtherIncome,OtherNoncashIncomeExpense,OtherNonoperatingIncomeExpense,PaymentsForProceedsFromLoansAndLeases,PaymentsForProceedsFromRealEstateHeldforinvestment,PaymentsForRent,PaymentsForSoftware,PaymentsToAcquireBusinessesGross,PaymentsToAcquireInProcessResearchAndDevelopment,PaymentsToAcquireLoansReceivable,PaymentsToAcquireOtherProductiveAssets,PaymentsToAcquirePropertyPlantAndEquipment,PaymentsToAcquireRealEstate,PaymentsToAcquireRealEstateHeldForInvestment,PaymentsToSuppliersAndEmployees,PreferredStockDividendsIncomeStatementImpact,PreferredStockParOrStatedValuePerShare,PreferredStockSharesAuthorized,PreferredStockSharesIssued,PreferredStockSharesOutstanding,PreferredStockValue,ProceedsFromInterestReceived,ProceedsFromIssuanceOfCommonStock,ProceedsFromIssuanceOfDebt,ProceedsFromLinesOfCredit,ProceedsFromLongTermLinesOfCredit,ProceedsFromNotesPayable,ProceedsFromPaymentsForTradingSecurities,ProceedsFromRepaymentsOfLinesOfCredit,ProceedsFromSaleOfRealEstate,ProFormaWeightedAverageSharesOutstandingDiluted,ProfessionalFees,ProfitLoss,PropertyPlantAndEquipmentNet,PublicUtilitiesPropertyPlantAndEquipmentTransmissionAndDistribution,RealEstateInvestments,RepaymentsOfLinesOfCredit,RepaymentsOfNotesPayable,RetainedEarningsAccumulatedDeficit,RevenueFromContractWithCustomerExcludingAssessedTax,Revenues,SellingGeneralAndAdministrativeExpense,ShareBasedCompensation,ShareholdersEquityFairValueDisclosure,ShortTermInvestments,StockGrantedDuringPeriodValueSharebasedCompensation,StockholdersEquity,StockholdersEquityIncludingPortionAttributableToNoncontrollingInterest,StockIssuedDuringPeriodValueIssuedForServices,StockIssuedDuringPeriodValueNewIssues,TaxesExcludingIncomeAndExciseTaxes,TradingSecuritiesCost,UnrealizedGainLossOnInvestments,WeightedAverageNumberOfDilutedSharesOutstanding,WeightedAverageNumberOfShareOutstandingBasicAndDiluted
2019-12-31,2020-06-01,10-K,GIVEMEPOWER CORPORATION,GMPW,CIK0001064722,USD,0.0,0.0,,,6072520.0,,,,45896.0,45896.0,45396.0,12229.0,500.0,500.0,500.0,500.0,,,,,,27725.0,,,,,0.0,,,,,,,,,41200.0,,,0.0,1e-05,,,,,,500.0,0.0,,,,,0.0,,,379.0,758.0,,0.0,0.0,,,,,,-74417.0,464.0,0.0,-85.0,1.0,12.0,,,,45896.0,0.0,45517.0,45897.0,45517.0,,41200.0,4317.0,0.0,0.0,,45396.0,464.0,,0.0,,91034.0,,-90034.0,758.0,,0.0,85.0,,,,0.0,0.0,,,-71.0,,,,,,,4317.0,,,,,0.0,,,,10.0,,,,,4317.0,,,41200.0,-15984.0,41200.0,,27724688.0,,379.0,,379.0,0.0,,,-6099876.0,,464.0,71.0,,45896.0,,,379.0,379.0,,,,,,27724687.0,
2020-03-31,2020-06-24,10-Q,GIVEMEPOWER CORPORATION,GMPW,CIK0001064722,USD,0.0,,,-63426.0,1.0,,,,130139.0,130139.0,,,104017.0,,103516.0,104017.0,103516.0,,103517.0,,,0.0,,,0.0,157806.0,,,5202.0,,,,,,,163201.0,,,,-0.002,,,,,,103516.0,163201.0,0.0,,,0.0,,5202.0,35186.0,,,-33442.0,,0.0,,,,,,,,,,12.0,12.0,,,157806.0,,,163201.0,130140.0,163201.0,,,0.0,,,,26122.0,,,,,117696.0,0.0,-14180.0,-33442.0,-0.0012,,5202.0,29984.0,2477073.0,,-63426.0,,,-63426.0,,122000.0,,,,,,122000.0,,,,,,,,,0.0,,,,,,122000.0,-4304.0,,19274.0,,,,,-33.442,,-33062.0,,,-4304.0,-33062.0,192992.0,192992.0,5202.0,,130139.0,,0.0,,,,,0.0,,-63426.0,27724687.0,27724687.0
2020-06-30,2020-08-24,10-Q,GIVEMEPOWER CORPORATION,GMPW,CIK0001064722,USD,,,,,,,,,368883.0,47385.0,47368.0,17.0,17.0,,,17.0,,,,,,0.0,,,,,,,5313.0,,,,,,,,,,,0.0,,,,,,,,,,,,,5313.0,24821.0,19508.0,,15106.0,0.0,,,,,,,,,,0.0,,,,,,,368883.0,165342.0,,386840.0,,160801.0,4541.0,,221498.0,,,24821.0,,,,,,,15106.0,15106.0,,5313.0,19508.0,2445316.0,0.0,-4402.0,,,,,,,,,,,,,,,,,,,,0.0,,,,,,,,,,,,,,,,,321498.0,,,-17957.0,24821.0,,5313.0,,,,,-17957.0,,,,,,-4402.0,27724687.0,27724687.0
2020-09-30,2020-11-23,10-Q,GIVEMEPOWER CORPORATION,GMPW,CIK0001064722,USD,,152.0,943.0,,53763.0,,,,1011850.0,28453.0,22961.0,5340.0,5340.0,,,5340.0,,,,,,1975.0,,,,10063.0,,,,,,,,,,,,,,-0.002,,,,,,,,,,0.0,,,22271.0,19187.0,-3084.0,-43992.0,,0.0,,,,,,,,29250.0,1549.0,-1549.0,,,1406.0,,,1011850.0,,171505.0,,1088223.0,,163632.0,5524.0,916718.0,766718.0,,,19187.0,,,,,,,-43992.0,-43992.0,150000.0,23820.0,-4633.0,,0.0,-39359.0,10063.0,,,-40908.0,,,,,,,,,,,,,,,,3.0,,,,,,,,,,,,,,,13249.0,,970148.0,,,-132114.0,29250.0,,22271.0,,,,,-76373.0,,,,,,-39359.0,27724687.0,27724687.0
2020-12-31,2021-04-14,10-K,GIVEMEPOWER CORPORATION,GMPW,CIK0001064722,USD,,0.0,4542.0,,6310814.0,,16325.0,,764767.0,92912.0,91282.0,,1630.0,,,1630.0,,,,0.001,50000000.0,42724687.0,42724687.0,42725.0,,,1554518.0,,,2445316.0,6351470.0,2445316.0,2304.0,,0.0,,604156.0,540524.0,,-0.002,0.0,0.34,-0.385,-0.005,0.05,-10599.0,540524.0,,,,,1205000.0,,,-85845.39,-82980.0,,0.0,,2445316.0,-2159500.0,31757.0,-317573.0,6554.0,,423136.0,3006.0,2866.0,0.0,,2812.0,,1179827.0,761626.0,764767.0,71102.0,,690524.0,540524.0,63632.0,115.0,690524.0,540524.0,150000.0,,,,85.0,59.0,-319758.0,429167.0,-120008.0,-82980.0,-82980.0,150000.0,159463.0,,6351470.0,,2692.0,374691.0,174.0,,,,,7800.0,7502.0,,,,,,421666.0,,0.0,,0.001,10000000.0,1000001.0,1000001.0,1013.0,,55697.0,-4201.0,-643686.0,122432.0,150000.0,-45886.0,,,,73059.0,-82980.0,7745.0,,664111.0,,,-6351470.0,,1628136.0,57073.0,10000.0,,91282.0,,3141.0,3141.0,,30000.0,,,,42724687.0,
2021-03-31,2021-05-17,10-Q,GIVEMEPOWER CORPORATION,GMPW,CIK0001064722,USD,,,10642.0,,6310814.0,,,,1167378.0,476397.0,,,89021.0,,,89021.0,87392.0,250000.0,,0.001,1200000000.0,42724687.0,42724687.0,42725.0,0.0,204416.0,,,,2013928.0,5230981.0,2013928.0,,,0.0,,555283.0,,,0.0104,0.0,0.34,-0.385,-0.005,0.05,,,,,,,,15004.0,461251.0,,,,,0.0,2271657.0,-2006139.0,29502.0,-295020.0,7506.0,,,1458.0,,,1458.0,4218.0,30.0,,720682.0,1167378.0,28630.0,,692051.0,542051.0,13232.0,538.0,,542051.0,150000.0,,,1649.0,,1009.0,-48450.0,-19935.0,155777.0,443555.0,443555.0,,62193.0,399058.0,2303693.0,,,,,,,,,,,,,,,,,10735.0,,,0.001,10000000.0,1000001.0,1000001.0,1013.0,,,,,-48872.0,,,,,,44082.0,,6936.0,,674846.0,,,-5906906.0,665667.0,,,,,387376.0,,446696.0,446696.0,,,,342909.0,44467.0,,42724687.0
2021-06-30,2021-08-25,10-Q,GIVEMEPOWER CORPORATION,GMPW,CIK0001064722,USD,,,1218613.0,,6086520.0,,,,2608106.0,225201.0,,,62272.0,,,62272.0,,250000.0,,0.001,1200000000.0,42724687.0,42724687.0,42725.0,,3594952.0,,,,1983161.0,5151069.0,1983161.0,,2363705.0,0.0,,456424.0,,,0.0097,,,,,,,,,0.117,,,,15038.0,-218425.0,,,,,,,,,,,,,33.0,,,,,32.0,,1708829.0,2608106.0,1252405.0,,456424.0,456424.0,,33792.0,,456424.0,,,,40.0,,,,,,416462.0,416494.0,,77645.0,-296070.0,2013928.0,0.0,,,,,,,,,,,,,,,,,,32.0,0.001,10000000.0,1000001.0,1000001.0,1013.0,,,,,,,,,,,62534.0,,,,,,,-5230981.0,3376528.0,,,,,162929.0,,899277.0,899277.0,,,,,712532.0,,42724687.0
2021-09-30,2021-11-16,10-Q,GIVEMEPOWER CORPORATION,GMPW,CIK0001064722,USD,,,,,6086520.0,,,0.0,3276411.0,255807.0,,,218707.0,,,218707.0,,250000.0,,0.001,50000000.0,42724687.0,42724687.0,42725.0,,1058853.0,,,,,,,,2974133.0,,,903248.0,1382374.0,,0.0019,,,,,,,,,,,,,61950.0,939635.0,,,,,,,,,,,,,377.0,,,,1600.0,0.0,,2297222.0,3276411.0,11600.0,,2285622.0,903248.0,10000.0,0.0,,,903248.0,,,,,,,,,,79734.0,,102973.0,836662.0,5151069.0,0.0,,,,,,,,,,,,,,,,,,,0.001,10000000.0,1000001.0,1000001.0,1013.0,,,,,,,,,0.0,,40561.0,79734.0,,,,,,-5151069.0,1998489.0,,,0.0,,37100.0,,979189.0,979189.0,,,,,-756928.0,,42724687.0
