end,filed,form,Name,Ticker,CIK,Currency,AccountsPayableAndAccruedLiabilitiesCurrent,AccruedLiabilitiesCurrent,AccruedProfessionalFeesCurrent,AccumulatedDepreciationDepletionAndAmortizationPropertyPlantAndEquipment,AccumulatedOtherComprehensiveIncomeLossNetOfTax,AdditionalPaidInCapital,AdditionalPaidInCapitalCommonStock,AdjustmentsToAdditionalPaidInCapitalOther,Assets,AssetsCurrent,AssetsNoncurrent,Cash,CashAndCashEquivalentsAtCarryingValue,CashAndCashEquivalentsPeriodIncreaseDecrease,CashCashEquivalentsRestrictedCashAndRestrictedCashEquivalentsIncludingDisposalGroupAndDiscontinuedOperations,CashCashEquivalentsRestrictedCashAndRestrictedCashEquivalentsPeriodIncreaseDecreaseIncludingExchangeRateEffect,CashProvidedByUsedInFinancingActivitiesDiscontinuedOperations,CashProvidedByUsedInInvestingActivitiesDiscontinuedOperations,CashProvidedByUsedInOperatingActivitiesDiscontinuedOperations,ClassOfWarrantOrRightOutstanding,CommonStockParOrStatedValuePerShare,CommonStockSharesAuthorized,CommonStockSharesIssued,CommonStockSharesOutstanding,CommonStockValue,ComprehensiveIncomeNetOfTax,CostOfRevenue,DebtInstrumentDecreaseForgiveness,DeferredTaxAssetsGross,DeferredTaxAssetsOperatingLossCarryforwards,DeferredTaxAssetsValuationAllowance,Deposits,Depreciation,DepreciationDepletionAndAmortization,DevelopmentCosts,DisposalGroupIncludingDiscontinuedOperationAssetsNoncurrent,DueToOfficersOrStockholdersCurrent,DueToRelatedPartiesCurrent,EarningsPerShareBasicAndDiluted,EffectiveIncomeTaxRateContinuingOperations,EffectiveIncomeTaxRateReconciliationAtFederalStatutoryIncomeTaxRate,EffectOfExchangeRateOnCashAndCashEquivalents,EffectOfExchangeRateOnCashCashEquivalentsRestrictedCashAndRestrictedCashEquivalentsIncludingDisposalGroupAndDiscontinuedOperations,FederalIncomeTaxExpenseBenefitContinuingOperations,ForeignCurrencyExchangeRateTranslation1,ForeignCurrencyTransactionGainLossBeforeTax,GainOrLossOnSaleOfStockInSubsidiary,GeneralAndAdministrativeExpense,GrossProfit,ImpairmentOfIntangibleAssetsFinitelived,IncomeLossFromContinuingOperations,IncomeLossFromContinuingOperationsBeforeIncomeTaxesDomestic,IncomeLossFromContinuingOperationsBeforeIncomeTaxesExtraordinaryItemsNoncontrollingInterest,IncomeLossFromContinuingOperationsBeforeIncomeTaxesMinorityInterestAndIncomeLossFromEquityMethodInvestments,IncomeLossFromContinuingOperationsIncludingPortionAttributableToNoncontrollingInterest,IncomeLossFromContinuingOperationsPerBasicAndDilutedShare,IncomeLossFromDiscontinuedOperationsNetOfTax,IncomeTaxExpenseBenefit,IncomeTaxesPaid,IncomeTaxesPaidNet,IncomeTaxReconciliationChangeInDeferredTaxAssetsValuationAllowance,IncomeTaxReconciliationForeignIncomeTaxRateDifferential,IncreaseDecreaseInAccountsPayableAndAccruedLiabilities,IncreaseDecreaseInAccruedLiabilities,IncreaseDecreaseInDueToOfficersAndStockholders,IncreaseDecreaseInOperatingLeaseLiability,IncreaseDecreaseInOtherCurrentAssets,IncreaseDecreaseInOtherCurrentAssetsAndLiabilitiesNet,IncreaseDecreaseInPrepaidDeferredExpenseAndOtherAssets,IncreaseDecreaseInPrepaidExpense,IncreaseDecreaseInPrepaidExpensesOther,InterestPaid,InterestPaidNet,LesseeOperatingLeaseDiscountRate,LesseeOperatingLeaseLiabilityPaymentsDue,LesseeOperatingLeaseLiabilityPaymentsDueAfterYearFive,LesseeOperatingLeaseLiabilityPaymentsDueNextTwelveMonths,LesseeOperatingLeaseLiabilityPaymentsDueYearFive,LesseeOperatingLeaseLiabilityPaymentsDueYearFour,LesseeOperatingLeaseLiabilityPaymentsDueYearThree,LesseeOperatingLeaseLiabilityPaymentsDueYearTwo,LesseeOperatingLeaseLiabilityPaymentsRemainderOfFiscalYear,LesseeOperatingLeaseLiabilityUndiscountedExcessAmount,Liabilities,LiabilitiesAndStockholdersEquity,LiabilitiesCurrent,LiabilitiesOfDisposalGroupIncludingDiscontinuedOperationCurrent,NetCashProvidedByUsedInFinancingActivities,NetCashProvidedByUsedInInvestingActivities,NetCashProvidedByUsedInOperatingActivities,NetCashProvidedByUsedInOperatingActivitiesContinuingOperations,NetIncomeLoss,NonoperatingIncomeExpense,OperatingExpenses,OperatingIncomeLoss,OperatingLeaseCost,OperatingLeaseExpense,OperatingLeaseLiability,OperatingLeaseLiabilityCurrent,OperatingLeaseLiabilityNoncurrent,OperatingLeasePayments,OperatingLeaseRightOfUseAsset,OperatingLossCarryforwardsValuationAllowance,OtherAccruedLiabilitiesCurrent,OtherComprehensiveIncomeLossForeignCurrencyTransactionAndTranslationAdjustmentBeforeTax,OtherComprehensiveIncomeLossForeignCurrencyTransactionAndTranslationAdjustmentNetOfTax,OtherComprehensiveIncomeLossForeignCurrencyTranslationAdjustmentTax,OtherComprehensiveIncomeLossNetOfTax,OtherIncome,OtherOperatingIncomeExpenseNet,PaymentsToAcquireOtherProductiveAssets,PaymentsToAcquirePropertyPlantAndEquipment,PreferredStockParOrStatedValuePerShare,PreferredStockSharesAuthorized,PreferredStockSharesIssued,PreferredStockSharesOutstanding,PreferredStockValue,PrepaidExpenseAndOtherAssetsCurrent,PrepaidExpenseCurrent,PrepaidExpenseCurrentAndNoncurrent,ProceedsFromContributedCapital,ProceedsFromIssuanceInitialPublicOffering,ProceedsFromIssuanceOfCommonStock,ProceedsFromRelatedPartyDebt,ProfitLoss,PropertyPlantAndEquipmentGross,PropertyPlantAndEquipmentNet,RestrictedCash,RetainedEarningsAccumulatedDeficit,RevenueFromContractWithCustomerExcludingAssessedTax,Revenues,ShareBasedCompensationArrangementByShareBasedPaymentAwardOptionsOutstandingNumber,SharesIssuedPricePerShare,StateAndLocalIncomeTaxExpenseBenefitContinuingOperations,StockholdersEquity,StockholdersEquityPeriodIncreaseDecrease,StockIssued1,StockIssuedDuringPeriodSharesNewIssues,StockIssuedDuringPeriodValueConversionOfConvertibleSecurities,StockIssuedDuringPeriodValueNewIssues,WeightedAverageNumberOfShareOutstandingBasicAndDiluted
2016-03-31,2016-05-05,10-Q,"TrueNorth Quantum, Inc.",URYL,CIK0001652842,USD,,2000.0,,,,,77984.0,,89177.0,,,,89177.0,-52.0,,,,,,,0.0001,600000000.0,201406000.0,201406000.0,20141.0,,,,,,,,,,,,,,0.0,,,,,-2052.0,,,,2052.0,,,,,-2052.0,,,0.0,,,,,,,,2000.0,,,,,,,,,,,,,,,,,,,,2000.0,89177.0,,,,,-52.0,-52.0,-2052.0,,,,,,,,,,,3832.0,,,,,,,,,,0.0001,200000000.0,,,,,,,,,,,,,,,-10948.0,,,,,,87177.0,,,,,,201406000.0
2016-06-30,2016-07-25,10-Q,"TrueNorth Quantum, Inc.",URYL,CIK0001652842,USD,,2000.0,,,,,156477.0,,164510.0,,,,164510.0,,,,,,,,0.0001,600000000.0,201484500.0,201484500.0,20148.0,,,,,,,,,,,,,,0.0,,,,,,,,,3167.0,,,,,-3167.0,,,,,,,,,,,,,,,,,,,,,,,,,,,,,,,2000.0,164510.0,,,,,,,-3167.0,,,,,,,,,,,4940.0,,,,,,,,,,0.0001,200000000.0,,,,,,,,,,,,,,,-14115.0,,,,,,162510.0,,,,,,201441368.0
2016-09-30,2016-10-24,10-Q,"TrueNorth Quantum, Inc.",URYL,CIK0001652842,USD,,2150.0,,,,,186494.0,,189875.0,,,,189875.0,,,,,,,,0.0001,600000000.0,201514520.0,201514520.0,20151.0,,,,,,,,,,,,,,0.0,,,,,,,,,4805.0,,,,,-4805.0,,,,,,,,,,,,,,,,,,,,,,,,,,,,,,,2150.0,189875.0,,,,,,,-4805.0,,,,,,,,,,,6539.0,,,,,,,,,,0.0001,200000000.0,,,,,,,,,,,,,,,-18920.0,,,,,,187725.0,,,,,,201448957.0
2016-12-31,2017-03-23,10-K,"TrueNorth Quantum, Inc.",URYL,CIK0001652842,USD,,3585.0,,,,637448.0,,,468582.0,468582.0,,,475048.0,379353.0,475048.0,,,,,,0.0001,600000000.0,201965520.0,201965520.0,20197.0,,,,,65551.0,62527.0,,,,,,150.0,,0.0,0.34,,,,-183902.0,,-52.0,,183850.0,,,,,-183902.0,,,,,,,,62527.0,-62527.0,,3585.0,,,,,,,,,,,,,,,,,,,,3735.0,468582.0,3735.0,,559670.0,,-180317.0,,-183902.0,,,-183850.0,,,,,,,,67479.0,,,,,,2.0,,,,0.0001,200000000.0,,,,,,,,559520.0,559520.0,150.0,,,,,-192798.0,,,,,,461960.0,,,559520.0,,559520.0,201550380.0
2017-03-31,2017-05-09,10-Q,"TrueNorth Quantum, Inc.",URYL,CIK0001652842,USD,,2200.0,,,,637448.0,,,461056.0,,,,461056.0,-7526.0,,,,,,,0.0001,600000000.0,201965520.0,201965520.0,20197.0,,,,,,,,,,,,150.0,,0.0,,,,,-6141.0,7.8,-32.0,,6109.0,,,,,-6141.0,,,,,,,,,,,-1385.0,,,,,,,,,,,,,,,,,,,,2350.0,461056.0,,,,,-7526.0,,-6141.0,,,-6109.0,,,,,,,,69629.0,,,,,,,,,,0.0001,200000000.0,,,,,,,,,,,,,,,-198939.0,,,,,,458706.0,-6141.0,,,,,201965520.0
2017-06-30,2017-07-18,10-Q,"TrueNorth Quantum, Inc.",URYL,CIK0001652842,USD,,2000.0,,,,637448.0,,,459779.0,455901.0,3878.0,,454551.0,,,,,,,,0.0001,600000000.0,201965520.0,201965520.0,20197.0,,10000.0,,,,,,,,,,4028.0,,0.0,,,,,,7.8,,,7457.0,2500.0,,,,-4955.0,,,,,,,,,,,,,,,,,,,,,,,,,,,,,,,6028.0,459779.0,,,,,,,-4955.0,,,-4955.0,,,,,,,,203894.0,,,,,,2.0,,,,0.0001,200000000.0,,,,,1350.0,1350.0,,,,,,,3878.0,,-203894.0,12500.0,12500.0,,,,453751.0,,,,,,201965520.0
2017-09-30,2017-11-02,10-Q,"TrueNorth Quantum, Inc.",URYL,CIK0001652842,USD,,2000.0,,-323.0,,637448.0,,,452578.0,449023.0,3555.0,,473393.0,,,,,,,,0.0001,600000000.0,201965520.0,201965520.0,20197.0,,,,,,,,,,,,4029.0,,0.0,,,,,,,-21.0,,8126.0,,,,,-8147.0,,,,,,,,,,,,,,,,,,,,,,,,,,,,,,,6029.0,452578.0,,,,,,,-8147.0,,,-8126.0,,,,,,,,73884.0,,,-16.0,,-8163.0,4.0,,,,0.0001,200000000.0,,,,,900.0,900.0,,,,,,3878.0,3555.0,,-211096.0,,,,,,446549.0,,,,,,201965520.0
2017-12-31,2018-03-23,10-K,"TrueNorth Quantum, Inc.",URYL,CIK0001652842,USD,,18596.0,,754.0,-739.0,643448.0,,,489449.0,450750.0,,,448684.0,-27714.0,448684.0,-26364.0,,,,,0.0001,600000000.0,141965520.0,141965520.0,14197.0,-57145.0,10000.0,,52261.0,80052.0,52261.0,741.0,749.0,,9328.0,,66038.0,,0.0,0.34,,72.0,,,7.8,-147.0,,58711.0,2500.0,,,-42650.0,-56357.0,-56357.0,,,,,,,14501.0,-14501.0,,14995.0,53746.0,,,,,425.0,2026.0,,,,,,,,,,,,,84634.0,489449.0,84634.0,,53746.0,-37542.0,-42640.0,,-56357.0,,,-56211.0,,,,,,,,,,,-788.0,,,,-147.0,,5631.0,0.0001,200000000.0,,,,,2066.0,,,,,3878.0,,5730.0,4976.0,,-252091.0,12500.0,12500.0,,,,404815.0,,,,,,198677849.0
2018-03-31,2018-05-09,10-Q,"TrueNorth Quantum, Inc.",URYL,CIK0001652842,USD,,11000.0,,969.0,,643448.0,,,392732.0,389823.0,,,380973.0,-59895.0,392790.0,-55894.0,,,,,0.0001,600000000.0,141965520.0,141965520.0,14197.0,-45258.0,,,,,,,371.0,,,,4028.0,,0.0,,,107.0,,,7.8,-36.0,,44544.0,,,,,-44580.0,,,,,,,,,,,-7300.0,,,,,,8425.0,8425.0,,,,,,,,,,,,,15028.0,392732.0,15028.0,,7556.0,-3623.0,-59934.0,,-44580.0,,,-44544.0,,,,,,,,,,,-678.0,-696.0,,,-36.0,,,0.0001,200000000.0,,,,,8850.0,,,,,7556.0,,3878.0,2909.0,,-279941.0,,,,,,359539.0,,,,,,141965520.0
2018-06-30,2018-08-09,10-Q,"TrueNorth Quantum, Inc.",URYL,CIK0001652842,USD,,9300.0,,1293.0,,643448.0,,,360463.0,357878.0,,,352603.0,,379841.0,,,,,,0.0001,600000000.0,141965520.0,141965520.0,14197.0,-29986.0,,,,,,,,,,,4028.0,,0.0,,,,,,7.8,23.0,,30745.0,,,,,-30649.0,,,,,,,,,,,,,,,,,,,,,,,,,,,,,,,13328.0,360463.0,13328.0,,,,,,-30649.0,,,-30745.0,,,,,,,,,,,663.0,663.0,,,96.0,,,0.0001,200000000.0,,,,,5275.0,,,,,,,3878.0,2585.0,,-310510.0,,,,,,329553.0,,,,,,141965520.0
2018-09-30,2018-11-19,10-Q,"TrueNorth Quantum, Inc.",URYL,CIK0001652842,USD,,15982.0,,1858.0,-426.0,650695.0,,,397012.0,349899.0,,,346674.0,,346674.0,,,,,,0.0001,600000000.0,141965520.0,141965520.0,14197.0,-38727.0,,,,,,725.0,,,,,82957.0,,0.0,,,,,,,-14.0,,39058.0,,,,,-39072.0,,,,,,,,,,,,,,,,,,,,,,,,,,,,,,,98939.0,397012.0,98939.0,,,,,,-39072.0,,,-39058.0,,,,,,,,,,,345.0,346.0,-38727.0,,-14.0,,,0.0001,200000000.0,,,,,3225.0,,,,,,,5690.0,3832.0,,-366393.0,,,,,,298073.0,,,,,,141965520.0
2018-12-31,2019-04-09,10-K,"TrueNorth Quantum, Inc.",URYL,CIK0001652842,USD,,27790.0,,2226.0,-460.0,650712.0,,7264.0,308026.0,275861.0,,,261930.0,,261930.0,-186754.0,,,,,0.0001,600000000.0,141965520.0,141965520.0,14197.0,-198198.0,,,93523.0,,93523.0,1931.0,1472.0,1479.0,28697.0,,66355.0,,0.0,,0.24,1105.0,1105.0,,,,,198914.0,,18109.0,,-178973.0,-198477.0,-198478.0,,,,,,,41262.0,,,9194.0,317.0,,,,,11865.0,11865.0,,,,,,,,,,,,,94145.0,308026.0,94145.0,,7743.0,-14042.0,-181560.0,,-198477.0,,,-198914.0,,,,,,,,,,,279.0,,,,437.0,,,0.0001,200000000.0,,,,,13931.0,,7426.0,,,317.0,,5694.0,3468.0,6394.0,-450568.0,,,,,,213881.0,,,,,,141965520.0
2019-03-31,2019-05-09,10-Q,"TrueNorth Quantum, Inc.",URYL,CIK0001652842,USD,,37665.0,,2599.0,-579.0,650712.0,,,280486.0,244670.0,,,231020.0,,231020.0,-30910.0,,,,,0.0001,600000000.0,141965520.0,141965520.0,14197.0,-50306.0,,,,,,4650.0,369.0,369.0,32700.0,,79246.0,,0.0,,,-42.0,-42.0,,,,,50187.0,,,,,-50187.0,,,,,,,,,,,9871.0,,,,,,-290.0,-290.0,,,,,,,,,,,,,116911.0,280486.0,116911.0,,12251.0,-3462.0,-39657.0,,-50187.0,,,-50187.0,,,,,,,,,,,-119.0,-119.0,,,,,,0.0001,200000000.0,,,,,13650.0,,,,,12251.0,,5715.0,3116.0,,-500755.0,,,,,,163575.0,,,,,,141965520.0
2019-06-30,2019-07-30,10-Q,"TrueNorth Quantum, Inc.",URYL,CIK0001652842,USD,,6718.0,,2964.0,-489.0,650712.0,,,182248.0,144009.0,,,129021.0,,129020.0,,,,,,0.0001,600000000.0,141965520.0,141965520.0,14197.0,-66469.0,,,,,,,,,,,78424.0,,0.0,,,,,,,,,66906.0,,,,,-66559.0,,,,,,,,,,,,,,,,,,,,,,,,,,,,,,,85142.0,182248.0,85142.0,,,,,,-66559.0,,,-66906.0,,,,,,,,,,,90.0,90.0,,,347.0,,,0.0001,200000000.0,,,,,14988.0,,,,,,,5693.0,2729.0,,-567314.0,,,,,,97106.0,,,,,,141965520.0
2019-09-30,2019-11-12,10-Q,"TrueNorth Quantum, Inc.",URYL,CIK0001652842,USD,,6874.0,,3327.0,-333.0,650712.0,,,134415.0,76203.0,,,62178.0,,62178.0,,,,,,0.0001,600000000.0,141965520.0,141965520.0,14197.0,-67573.0,,,,,,,,,,,78149.0,,0.0,,,,,,,,,67730.0,,,,,-67729.0,,,,,,,,,,,,,,,,,,,,,0.0665,23635.0,,,4297.0,4297.0,4297.0,4297.0,1074.0,3776.0,104882.0,134415.0,88117.0,,,,,,-67729.0,,,-67730.0,,1088.0,19859.0,3094.0,16765.0,,19859.0,,,,156.0,156.0,,,1.0,,,0.0001,200000000.0,,,,,14025.0,,,,,,,5669.0,2342.0,,-635043.0,,,,,,29533.0,,,,,,141965520.0
2019-12-31,2020-03-30,10-K,"TrueNorth Quantum, Inc.",URYL,CIK0001652842,USD,,20698.0,19281.0,3688.0,953.0,789468.0,,,143862.0,84996.0,,,63839.0,,63839.0,-198091.0,,,,,0.0001,600000000.0,141990387.0,141990387.0,14199.0,-260322.0,,,146575.0,,146575.0,,1479.0,3727.0,37297.0,,11284.0,,0.0,,,,43.0,,,,,262161.0,,2367.0,,-249404.0,-261735.0,-261735.0,,,,,,,53052.0,,,-7115.0,,,,,,7218.0,,,,0.0665,23101.0,1101.0,4400.0,4400.0,4400.0,4400.0,4400.0,,3538.0,51545.0,143862.0,35203.0,,84489.0,-10396.0,-272227.0,,-261735.0,,,-262161.0,3262.0,3262.0,19563.0,3221.0,16342.0,3262.0,19563.0,,1151.0,,1413.0,,,,426.0,,,0.0001,200000000.0,,,,,21157.0,,64516.0,,,19973.0,,5694.0,2006.0,,-712303.0,,,,,,92317.0,,74242.0,,74242.0,64516.0,141968041.0
2020-03-31,2020-04-20,10-Q,"TrueNorth Quantum, Inc.",URYL,CIK0001652842,USD,,5204.0,,4125.0,-2301.0,789468.0,,,77563.0,21652.0,,4881.0,4881.0,,4881.0,-55601.0,0.0,-2288.0,-1069.0,,0.0001,600000000.0,141990387.0,141990387.0,14199.0,-51611.0,0.0,,,,,,437.0,323.0,36537.0,,13848.0,,0.0,,,-207.0,-207.0,,,,0.0,47180.0,0.0,,,,-47180.0,,,,-1177.0,0.0,,0.0,,,,-15450.0,,,,,-4348.0,-4348.0,,,0.0,0.0665,20862.0,1044.0,,4172.0,4172.0,4172.0,4172.0,3130.0,3057.0,36857.0,77563.0,22157.0,,2564.0,-2288.0,-57958.0,,-48357.0,0.0,,-47180.0,1008.0,1008.0,17805.0,3105.0,14700.0,1008.0,17805.0,,,-3254.0,-3254.0,,,,,,,0.0001,200000000.0,,,,,16771.0,,,,,2564.0,-47179.0,5694.0,1569.0,,-760660.0,,0.0,,,,40706.0,,,,,,141990387.0
2020-06-30,2020-07-31,10-Q,"TrueNorth Quantum, Inc.",URYL,CIK0001652842,USD,,3515.0,,4418.0,-1903.0,789468.0,,,77187.0,19640.0,,6315.0,6315.0,,6315.0,,,,,,0.0001,600000000.0,141990387.0,141990387.0,14199.0,-23456.0,0.0,,,,,,,,,,39259.0,,0.0,,,,,,,,0.0,22655.0,0.0,,-22655.0,,-23855.0,,-23855.0,,-1199.0,0.0,,,,,,,,,,,,,,,,0.0665,19954.0,,4201.0,1050.0,4201.0,4201.0,4201.0,2100.0,2790.0,59938.0,77187.0,45952.0,,,,,,-23855.0,0.0,22655.0,-22655.0,,,17164.0,3178.0,13986.0,,17164.0,,,398.0,398.0,,,,,,,0.0001,200000000.0,,,,,13325.0,,,,,,,5629.0,1211.0,,-784515.0,,0.0,,,,17249.0,,,,,,464667527.0
2020-09-30,2020-11-13,10-Q,"TrueNorth Quantum, Inc.",URYL,CIK0001652842,USD,,13303.0,,4426.0,-94.0,789468.0,,,60142.0,17904.0,,,7706.0,,7706.0,,,,,,0.0001,600000000.0,141990387.0,141990387.0,14199.0,-16295.0,,,,,,,,,,,45887.0,,0.0,,,,,,,,,17044.0,,,-17044.0,,-18106.0,,,,-1061.0,,,,,,,,,,,,,,,,,,,,,,,,,,,59190.0,60142.0,59190.0,,,,,,-18105.0,,17044.0,-17044.0,,,,,,,,,,1809.0,1810.0,,,,,,,0.0001,200000000.0,,,,,10198.0,,,,,,,5629.0,1203.0,,-802621.0,,0.0,,,,953.0,,,,,,464667527.0
2020-12-31,2021-03-29,10-K,"TrueNorth Quantum, Inc.",URYL,CIK0001652842,USD,31533.0,31533.0,10496.0,4547.0,1477.0,789468.0,,,70178.0,28487.0,,,6731.0,,6731.0,-57108.0,,,,,0.0001,600000000.0,141990387.0,141990387.0,14199.0,-126544.0,,,172640.0,,172640.0,,832.0,2631.0,,41691.0,65928.0,49744.0,0.0,,,,-137.0,,,,,127068.0,,2570.0,,-111673.0,-127068.0,-127068.0,,,,,,,26065.0,,,17435.0,,,,,,587.0,,,,,,,,,,,,,,104405.0,70178.0,104405.0,23128.0,54443.0,-4589.0,-106825.0,,-127068.0,,,-127068.0,,2502.0,,,,,,,1544.0,,524.0,,,,,,,0.0001,200000000.0,0.0,0.0,0.0,21756.0,21756.0,,,,,54443.0,,5743.0,1196.0,,-839371.0,,,,,,-34227.0,,,,,,141990387.0
2021-03-31,2021-05-25,10-Q,"TrueNorth Quantum, Inc.",URYL,CIK0001652842,USD,,34453.0,,,0.0,789468.0,,,96081.0,96081.0,,9879.0,9879.0,,,3148.0,-15985.0,40342.0,-22643.0,0.0,0.0001,600000000.0,141990387.0,141990387.0,14199.0,36594.0,0.0,,,,,,,0.0,,0.0,,59744.0,0.0,,,0.0,,,,,65154.0,19021.0,0.0,,,,-19021.0,,,,-8062.0,0.0,,0.0,,,,2920.0,,,,,-9249.0,,,,0.0,,,,,,,,,,,94197.0,96081.0,94197.0,0.0,10000.0,,-6851.0,,-35444.0,0.0,,-19021.0,,,,,,,,,,-995.0,,,,,,,,0.0001,200000000.0,0.0,0.0,0.0,86202.0,,,,,,10000.0,46133.0,,,,-801783.0,,0.0,0.0,,,-71148.0,,,,,,141990387.0
2021-06-30,2021-09-08,10-Q,"TrueNorth Quantum, Inc.",URYL,CIK0001652842,USD,234.0,34453.0,,,0.0,873597.0,,,7000.0,7000.0,,9879.0,0.0,,,,,,,0.0,0.0001,600000000.0,141990387.0,141990387.0,14199.0,-6215.0,0.0,,,,,,,,,0.0,,0.0,0.0,,,,,,,,0.0,6215.0,0.0,,-6215.0,,0.0,,0.0,,0.0,0.0,,,,,,,,,,,,,,,,,,,,,,,,,,234.0,7000.0,234.0,0.0,,,,,-6215.0,0.0,6215.0,-6215.0,,,,,,,,,,0.0,0.0,,,,,,,0.0001,200000000.0,0.0,0.0,0.0,7000.0,,,,,,,,,,,-881030.0,,0.0,0.0,,,6766.0,,,,,,141990387.0
2021-09-30,2021-11-24,10-Q,"TrueNorth Quantum, Inc.",URYL,CIK0001652842,USD,834.0,,,,0.0,873597.0,,,3500.0,3500.0,,,0.0,,,,,,,0.0,0.0001,600000000.0,141990387.0,141990387.0,14199.0,-47395.0,,,,,,,,,,0.0,,43295.0,0.0,,,,,,,,,47395.0,,,-47395.0,,,,,,0.0,,,,,,,,,,,,,,,,,,,,,,,,,,,44129.0,3500.0,44129.0,0.0,,,,,-47395.0,,47395.0,-47395.0,,,,,,,,,,,0.0,,,,,,,0.0001,200000000.0,0.0,0.0,0.0,3500.0,,,,,,,,,,,-928425.0,,0.0,0.0,,,-40629.0,,,,,,141990387.0
