end,filed,form,Name,Ticker,CIK,Currency,AccountsPayable,AccountsPayableAndAccruedLiabilitiesFairValueDisclosure,AccountsPayableCurrent,AccountsReceivableNetCurrent,AccountsReceivableRelatedParties,AccountsReceivableRelatedPartiesCurrent,AccruedEmployeeBenefitsCurrentAndNoncurrent,AccruedLiabilities,AccruedLiabilitiesCurrent,AdditionalPaidInCapital,AdjustmentsToAdditionalPaidInCapitalSharebasedCompensationRequisiteServicePeriodRecognitionValue,AdjustmentsToAdditionalPaidInCapitalStockIssuedIssuanceCosts,AllocatedShareBasedCompensationExpense,AmortizationOfDebtDiscountPremium,AntidilutiveSecuritiesExcludedFromComputationOfEarningsPerShareAmount,Assets,AssetsCurrent,BusinessCombinationBargainPurchaseGainRecognizedAmount,BusinessCombinationConsiderationTransferred1,BusinessCombinationConsiderationTransferredOther1,BusinessCombinationRecognizedIdentifiableAssetsAcquiredAndLiabilitiesAssumedAssets,BusinessCombinationRecognizedIdentifiableAssetsAcquiredAndLiabilitiesAssumedCashAndEquivalents,BusinessCombinationRecognizedIdentifiableAssetsAcquiredAndLiabilitiesAssumedCurrentAssetsPrepaidExpenseAndOtherAssets,BusinessCombinationRecognizedIdentifiableAssetsAcquiredAndLiabilitiesAssumedCurrentLiabilities,BusinessCombinationRecognizedIdentifiableAssetsAcquiredAndLiabilitiesAssumedLiabilities,BusinessCombinationRecognizedIdentifiableAssetsAcquiredAndLiabilitiesAssumedNet,BusinessCombinationRecognizedIdentifiableAssetsAcquiredAndLiabilitiesAssumedPropertyPlantAndEquipment,CashAcquiredFromAcquisition,CashAndCashEquivalentsAtCarryingValue,CashAndCashEquivalentsPeriodIncreaseDecrease,ClassOfWarrantOrRightOutstanding,CommitmentsAndContingencies,CommonStockParOrStatedValuePerShare,CommonStockSharesAuthorized,CommonStockSharesIssued,CommonStockSharesOutstanding,CommonStockValue,ContributionOfProperty,ConvertibleDebt,CostOfRevenue,DebtInstrumentUnamortizedDiscount,DeferredRevenue,DeferredTaxAssetsNet,DeferredTaxAssetsOperatingLossCarryforwards,DeferredTaxAssetsOther,DeferredTaxAssetsTaxDeferredExpenseCompensationAndBenefitsEmployeeCompensation,DeferredTaxAssetsTaxDeferredExpenseCompensationAndBenefitsShareBasedCompensationCost,DeferredTaxAssetsValuationAllowance,DefinedContributionPlanCostRecognized,Depreciation,DerivativeGainLossOnDerivativeNet,DerivativeInstrumentsGainLossRecognizedInIncomeNet,DerivativeLiabilities,DevelopmentStageEnterpriseDeficitAccumulatedDuringDevelopmentStage,DueToRelatedPartiesCurrent,DueToRelatedPartiesCurrentAndNoncurrent,DueToRelatedPartiesNoncurrent,EarningsPerShareBasicAndDiluted,EmbeddedDerivativeGainLossOnEmbeddedDerivativeNet,EmployeeBenefitsAndShareBasedCompensation,EmployeeServiceShareBasedCompensationNonvestedAwardsTotalCompensationCostNotYetRecognizedStockOptions,EquityMethodInvestments,FairValueAssumptionsExpectedDividendRate,FairValueAssumptionsExpectedVolatilityRate,FairValueAssumptionsRiskFreeInterestRate,GrossProfit,IncomeLossFromEquityMethodInvestments,IncomeTaxExpenseBenefit,IncomeTaxReconciliationChangeInDeferredTaxAssetsValuationAllowance,IncomeTaxReconciliationChangeInEnactedTaxRate,IncomeTaxReconciliationIncomeTaxExpenseBenefitAtFederalStatutoryIncomeTaxRate,IncomeTaxReconciliationNondeductibleExpense,IncomeTaxReconciliationOtherAdjustments,IncreaseDecreaseInAccountsPayableAndAccruedLiabilities,IncreaseDecreaseInAccountsReceivableRelatedParties,IncreaseDecreaseInAccruedLiabilities,IncreaseDecreaseInDeferredRevenue,IncreaseDecreaseInEmployeeRelatedLiabilities,IncreaseDecreaseInPrepaidExpense,InterestExpense,InterestPaid,InterestPayableCurrent,IssuanceOfStockAndWarrantsForServicesOrClaims,LeaseAndRentalExpense,Liabilities,LiabilitiesAndStockholdersEquity,LiabilitiesCurrent,LiabilitiesNoncurrent,LongTermDebtNoncurrent,LongTermNotesPayable,ManagementFeeExpense,NetCashProvidedByUsedInFinancingActivities,NetCashProvidedByUsedInInvestingActivities,NetCashProvidedByUsedInOperatingActivities,NetIncomeLoss,NonoperatingIncomeExpense,NotesPayable,NotesPayableCurrent,NotesPayableRelatedPartiesClassifiedCurrent,NotesPayableRelatedPartiesNoncurrent,OilAndGasPropertyFullCostMethodNet,OperatingCostsAndExpenses,OperatingExpenses,OperatingIncomeLoss,OperatingLeasesFutureMinimumPaymentsDue,OperatingLeasesFutureMinimumPaymentsDueCurrent,OperatingLeasesFutureMinimumPaymentsDueInThreeYears,OperatingLeasesFutureMinimumPaymentsDueInTwoYears,OtherAccruedLiabilitiesCurrent,OtherIncome,OtherNonoperatingIncomeExpense,PaymentsToAcquireBusinessesGross,PaymentsToAcquireEquityMethodInvestments,PaymentsToAcquireOilAndGasPropertyAndEquipment,PreferredStockParOrStatedValuePerShare,PreferredStockSharesAuthorized,PreferredStockSharesIssued,PreferredStockSharesOutstanding,PreferredStockValue,PrepaidExpense,PrepaidExpenseAndOtherAssetsCurrent,ProceedsFromBankDebt,ProceedsFromContributedCapital,ProceedsFromConvertibleDebt,ProceedsFromIssuanceOfCommonStock,ProceedsFromIssuanceOfLongTermDebt,ProceedsFromIssuanceOfWarrants,ProceedsFromOtherDebt,ProceedsFromRepaymentsOfNotesPayable,ProceedsFromSaleOfPropertyPlantAndEquipment,ProceedsFromStockOptionsExercised,ProceedsFromWarrantExercises,ProFormaWeightedAverageSharesOutstandingDiluted,ProfessionalFees,PropertyPlantAndEquipmentGross,PropertyPlantAndEquipmentNet,PropertyPlantAndEquipmentOtherAccumulatedDepreciation,PropertyPlantAndEquipmentOtherNet,PropertyPlantAndEquipmentOwnedNet,RepaymentsOfConvertibleDebt,RepaymentsOfNotesPayable,RepaymentsOfRelatedPartyDebt,RestrictedStockExpense,RetainedEarningsAccumulatedDeficit,Revenues,SellingGeneralAndAdministrativeExpense,SeveranceCosts1,ShareBasedCompensation,ShareBasedCompensationArrangementByShareBasedPaymentAwardEquityInstrumentsOtherThanOptionsGrantsInPeriod,ShareBasedCompensationArrangementByShareBasedPaymentAwardEquityInstrumentsOtherThanOptionsGrantsInPeriodWeightedAverageGrantDateFairValue,ShareBasedCompensationArrangementByShareBasedPaymentAwardFairValueAssumptionsExpectedDividendRate,ShareBasedCompensationArrangementByShareBasedPaymentAwardFairValueAssumptionsExpectedVolatilityRate,ShareBasedCompensationArrangementByShareBasedPaymentAwardFairValueAssumptionsRiskFreeInterestRate,ShareBasedCompensationArrangementByShareBasedPaymentAwardNonOptionEquityInstrumentsExercised,ShareBasedCompensationArrangementByShareBasedPaymentAwardNonOptionEquityInstrumentsGranted,ShareBasedCompensationArrangementByShareBasedPaymentAwardNumberOfSharesAvailableForGrant,ShareBasedCompensationArrangementByShareBasedPaymentAwardOptionsExpirationsInPeriod,ShareBasedCompensationArrangementByShareBasedPaymentAwardOptionsForfeituresInPeriod,ShareBasedCompensationArrangementByShareBasedPaymentAwardOptionsGrantsInPeriod,ShareBasedCompensationArrangementByShareBasedPaymentAwardOptionsGrantsInPeriodGross,ShareBasedCompensationArrangementByShareBasedPaymentAwardOptionsOutstandingNumber,ShareBasedCompensationArrangementByShareBasedPaymentAwardOptionsOutstandingWeightedAverageExercisePrice,ShareBasedCompensationArrangementsByShareBasedPaymentAwardOptionsExercisesInPeriodWeightedAverageExercisePrice,ShareBasedCompensationArrangementsByShareBasedPaymentAwardOptionsExpirationsInPeriodWeightedAverageExercisePrice,ShareBasedCompensationArrangementsByShareBasedPaymentAwardOptionsForfeituresInPeriodWeightedAverageExercisePrice,ShareBasedCompensationArrangementsByShareBasedPaymentAwardOptionsGrantsInPeriodWeightedAverageExercisePrice,SharebasedCompensationArrangementBySharebasedPaymentAwardOptionsVestedInPeriodFairValue1,StockholdersEquity,StockholdersEquityIncludingPortionAttributableToNoncontrollingInterest,StockIssuedDuringPeriodSharesStockOptionsExercised,StockIssuedDuringPeriodValueIssuedForServices,StockIssuedDuringPeriodValueNewIssues,StockIssuedDuringPeriodValueRestrictedStockAwardGross,StockOptionPlanExpense,SupplementalUnemploymentBenefitsSeveranceBenefits,WeightedAverageNumberOfDilutedSharesOutstanding,WeightedAverageNumberOfShareOutstandingBasicAndDiluted,WeightedAverageNumberOfSharesOutstandingBasic,CashCashEquivalentsRestrictedCashAndRestrictedCashEquivalents,ConvertibleNotesPayableCurrent,CustomerAdvancesAndDeposits,IncreaseDecreaseInDueFromRelatedParties,IncreaseDecreaseInOtherOperatingAssets,InterestExpenseDebt,OtherAssets,RestrictedCashAndCashEquivalentsAtCarryingValue
2010-05-31,2010-09-14,10-K,"Laredo Oil, Inc.",LRDC,CIK0001442492,USD,,,,,,,,,,,,,,,,,,,,,,,,,,,,,157005.0,,,,,,,,,,,,,,,,,,,,,,,,,,,,,,,,,,,,,,,,,,,,,,,,,,,,,,,,,,,,,,,,,,,,,,,,,,,,,,,,,,,,,,,,,,,,,,,,,,,,,,,,,,,,,,,,,,,,,,,,,,,,,,,,,,,,,,,,,,,,-1084458.0,,,,,,,,,,,,,,,,,
2010-08-31,2010-10-15,10-Q,"Laredo Oil, Inc.",LRDC,CIK0001442492,USD,,,,,,,,,,,,,,,,,,,,,,,,,,,,,270457.0,113452.0,,,,,,,,,,0.0,,,,,,,,,,,,379899.0,,,,,,0.0,,,,,,,,0.0,,,,,,,,-103754.0,,,0.0,,6771.0,-9225.0,0.0,,,,,,,,,,,525000.0,0.0,-411548.0,-141733.0,,,,,,,,,-512407.0,,,,,,0.0,,,,,,,,,,,,,0.0,25000.0,500000.0,,,,,,,,,338519.0,,,,,,0.0,0.0,,,,0.0,173888.0,,,,,,,,,,,,,,,,,,,,,,,,,,,,,,,,,,,,,,,,
2010-11-30,2011-01-14,10-Q,"Laredo Oil, Inc.",LRDC,CIK0001442492,USD,,,,,,,,,,,,,,,,,,,,,,,,,,,,,186749.0,,,,,,,,,,,0.0,,,,,,,,,,,,464969.0,,,,,,0.01,,,,,,,,0.0,,,,,,,,,,,,,,-8886.0,,,,,,,,,,,,,,,266818.0,,,,,,,,,-189265.0,,,,,,0.0,,,,,,,,,,,,,,,,,,,,,,,,33463.0,,,,,,,,,,,0.0,155802.0,,,,,,,,,,,,,,,,,,,,,,,,,,,,,,,,,,,,,,,,
2011-02-28,2011-04-14,10-Q,"Laredo Oil, Inc.",LRDC,CIK0001442492,USD,,,,,,,,,,,,,,,,,,,,,,,,,,,,,94516.0,,,,,,,,,,,0.0,,,,,,,,,,,,-356813.0,,,,,,-0.01,,,,,,,,0.0,,,,,,,,,,,,,,12644.0,,,,,,,,,,,,,,,-571174.0,,,,,,,,,-201717.0,,,,,,0.0,,,,,,,,,,,,,,,,,,,,,,,,21244.0,,,,,,,,,,,0.0,180473.0,,,,,,,,,,,,,,,,,,,,,,,,,,,,,,,,,,,,,,,,
2011-05-31,2011-09-13,10-K,"Laredo Oil, Inc.",LRDC,CIK0001442492,USD,84708.0,,84708.0,,,,,200442.0,200442.0,-400984.0,,,,,,24479.0,24479.0,,,,,,,,,,,,428.0,-156577.0,,,0.0001,90000000.0,52000013.0,52000013.0,5200.0,,300000.0,,,0.0,,,,,,,,,,338657.0,1265595.0,1855482.0,,,,-0.02,,,,,,,,,,,,,,,,18851.0,,,,,9299.0,43189.0,,,,,2275745.0,24479.0,2275745.0,,,350000.0,,875000.0,,-1031577.0,-928137.0,,425000.0,,,,,1223605.0,,-1223605.0,,,,,,,,,,,0.001,10000000.0,0.0,,0.0,24051.0,24051.0,,,25000.0,500000.0,350000.0,-738671.0,,,,,,,533853.0,,,,,,,,,,,,689752.0,,,,,,,,,,,,,,,,,,,,,,-2251266.0,-2251266.0,,,500000.0,,,,,,,,,,,,,,
2011-08-31,2011-10-17,10-Q,"Laredo Oil, Inc.",LRDC,CIK0001442492,USD,43728.0,,,,,,,40132.0,,5583217.0,,,,,,123062.0,,,,,,,,,,,,,87045.0,86617.0,,,0.0001,90000000.0,52000013.0,52000013.0,5200.0,,0.0,224184.0,,40833.0,,,,,,,,,,442027.0,189328.0,-6129376.0,,,,-0.08,,0.0,,,,,,197215.0,,,,,,,,-201290.0,,,40833.0,,-11966.0,9173.0,43088.0,,,,664021.0,123062.0,,,,,,43088.0,0.0,43529.0,-4273894.0,,350000.0,,,,,,,-4906748.0,,,,,,200000.0,,,,,,,,,,36017.0,,,418088.0,0.0,0.0,,,,,,,,52000013.0,5077256.0,,,,,,300000.0,75000.0,,,,421399.0,26707.0,,0.0,,,,,,,,,,,,,,,,,,,,-540959.0,,,0.0,,,,,,,,,,,,,,,
2011-11-30,2012-01-13,10-Q,"Laredo Oil, Inc.",LRDC,CIK0001442492,USD,,,17727.0,,,,,,55394.0,5583217.0,,,,,,120789.0,,,,,,,,,,,,,96838.0,,,,0.0001,90000000.0,52000013.0,52000013.0,5200.0,,0.0,289311.0,,40833.0,,,,,,,,,,39837.0,149491.0,-6081073.0,,,,0.0,,,,,,,,92049.0,,,,,,,,,,,,,,5264.0,,,,,613445.0,120789.0,263445.0,,,350000.0,,,,,48303.0,,0.0,,,,,,78319.0,13730.0,,,,,,0.0,,,,,0.001,10000000.0,0.0,,0.0,,23951.0,,,,,,,,,,,,52000013.0,53947.0,,,,,,,,,,,381360.0,24372.0,,,,,,,,,,,,,,,,,,,,,,-492656.0,,,,,,,,,,,,,,,,,,
2012-02-29,2012-04-13,10-Q,"Laredo Oil, Inc.",LRDC,CIK0001442492,USD,,,16055.0,,,,,,71655.0,5651674.0,,,,,,156282.0,,,,,,,,,,,,,134898.0,,,,0.0001,90000000.0,53000013.0,53000013.0,5300.0,,0.0,302934.0,,40833.0,,,,,,,,,,121977.0,27514.0,6006749.0,,,,0.0,,,,,,,,85950.0,,,,,,,,,,,,,,5332.0,,,,,506057.0,156282.0,156057.0,,,350000.0,,,,,74324.0,,0.0,,,,,,128271.0,-42321.0,,,,,,0.0,,,,,0.001,10000000.0,0.0,,0.0,,21384.0,,,,,,,,,,,,52626387.0,66805.0,,,,,,,,,,,388884.0,61466.0,,,,,,,,,,,,,,,,,,,,,,-349775.0,,,,,,,,,,,,,,,,,,
2012-05-31,2012-08-29,10-K,"Laredo Oil, Inc.",LRDC,CIK0001442492,USD,,,20631.0,,,,,,60201.0,5735121.0,,101758.0,135091.0,,,145325.0,145325.0,,,,,,,,,,,,114563.0,114135.0,,,0.0001,90000000.0,53000013.0,53000013.0,5300.0,418088.0,,1145166.0,,40833.0,0.0,429627.0,26763.0,,,-456390.0,,,541086.0,541086.0,73356.0,6169410.0,,,,-0.08,,,,,0.0,1.698,0.0141,435979.0,,0.0,97335.0,,1466736.0,-1502238.0,-61833.0,-175025.0,,,40833.0,,-6711.0,25287.0,43323.0,,,19820.0,574314.0,145325.0,224314.0,,,350000.0,,43088.0,,71047.0,-4313928.0,,,,,,,5465706.0,5465706.0,-5029727.0,,,,,,200000.0,,,,,0.001,10000000.0,0.0,,0.0,,30762.0,,418088.0,,,,4931873.0,,,,,,,5272784.0,,,,,,300000.0,75000.0,,,,1581145.0,192922.0,,101758.0,,,,,,,,,,,,,,,,,,,,-428989.0,,,33333.0,,,,,,52407117.0,,,,,,,,,
2012-08-31,2012-10-15,10-Q,"Laredo Oil, Inc.",LRDC,CIK0001442492,USD,,,43331.0,,,,,,105519.0,5839367.0,,,104296.0,,,160186.0,160186.0,,,,,,,,,,,,124957.0,10394.0,,,0.0001,90000000.0,53500013.0,53500013.0,5350.0,,,369354.0,,40833.0,,,,,,,,,,21069.0,52287.0,6276501.0,,,,0.0,,104296.0,,,0.0,1.873,0.0118,101940.0,,,,,,,,38725.0,,,0.0,,-4467.0,5423.0,0.0,,,,591970.0,160186.0,241970.0,,,350000.0,,0.0,0.0,10394.0,-107091.0,,,,,,,,,-122737.0,,,,,,0.0,,,,,0.001,10000000.0,0.0,,,,35229.0,,0.0,,,,,,,,,,53157622.0,83416.0,,,,,,0.0,0.0,,,,471294.0,141261.0,,95824.0,,,,,,,,,,,,,,,,,,,,-431784.0,,,8472.0,,,,,,,,,,,,,,,
2012-11-30,2013-01-11,10-Q,"Laredo Oil, Inc.",LRDC,CIK0001442492,USD,,,24258.0,,,,,,140513.0,5947273.0,,,,,,125859.0,125859.0,,,,,,,,,,,,99499.0,,,,0.0001,90000000.0,53500013.0,53500013.0,5350.0,,,423242.0,,40833.0,,,,,,,,,7551.0,7551.0,44736.0,6427104.0,,,,0.0,,,,,,,,67351.0,,,,,,,,,,,,,,5268.0,,,,,600340.0,125859.0,250340.0,,,350000.0,,,,,-150603.0,,,,,,,,220237.0,-152886.0,,,,,,,,,,,0.001,10000000.0,0.0,,,,26360.0,,,,,,,,,,,,53500013.0,86148.0,,,,,,,,,,,490593.0,134089.0,,,,,,,,,,,,,,,,,,,,,,-474481.0,,,,,,,,,,,,,,,,,,
2013-02-28,2013-04-11,10-Q,"Laredo Oil, Inc.",LRDC,CIK0001442492,USD,,,26689.0,,,,,,164836.0,6055180.0,,,,,,,139630.0,,,,,,,,,,,,112957.0,,,,0.0001,90000000.0,53500013.0,53500013.0,5350.0,,,493817.0,,40833.0,,,,,,,,,,-19376.0,64111.0,6612369.0,,,,0.0,-19376.0,,,,,,,34711.0,,,,,,,,,,,,,,5283.0,,,,,691469.0,139630.0,691469.0,,,,,,,,-185265.0,,350000.0,,,,,,195317.0,-160606.0,,,,,,,,,,,0.001,10000000.0,0.0,,,,26673.0,,,,,,,,,,,,53500013.0,65912.0,,,,,,,,,,,528528.0,129405.0,,,,,,,,,,,,,,,,,,,,,,-551839.0,,,,,,,,,,,,,,,,,,
2013-05-31,2013-08-29,10-K,"Laredo Oil, Inc.",LRDC,CIK0001442492,USD,,,27963.0,,,,,,222631.0,6163086.0,383291.0,,428015.0,,,143364.0,143364.0,,,,,,,,,,,,107674.0,-6889.0,,0.0,0.0001,90000000.0,53500013.0,53500013.0,5350.0,,,1954574.0,,40833.0,0.0,451781.0,158378.0,,,-610159.0,,,-67009.0,,140365.0,6857157.0,,,,-0.01,,,,,0.0,1.849,0.0121,250102.0,,0.0,-92053.0,,233834.0,-71729.0,-70052.0,190762.0,,,0.0,,-4928.0,21515.0,0.0,50293.0,,39462.0,832085.0,143364.0,482085.0,,,350000.0,,0.0,0.0,-6889.0,-687747.0,,0.0,0.0,,,,,849325.0,-599223.0,69842.0,40601.0,2254.0,26987.0,,0.0,,,,,0.001,10000000.0,0.0,,0.0,,35690.0,,0.0,,,,,,,,,,,303251.0,,,,,,0.0,0.0,,,,2204676.0,546074.0,,383291.0,,,0.0,1.849,0.0121,,,,,,,,,,,,,,,-688721.0,,,44724.0,,,,,,53413712.0,,,,,,,,,
2013-08-31,2013-10-15,10-Q,"Laredo Oil, Inc.",LRDC,CIK0001442492,USD,,,42015.0,,,,,,261718.0,6272020.0,,,108949.0,,,,141595.0,,,,,,,,,,,,91694.0,-15980.0,,,0.0001,90000000.0,53650013.0,53650013.0,5365.0,,,648518.0,,40833.0,,,,,,,,,-48875.0,-48875.0,189240.0,7075182.0,,,,0.0,-48875.0,,,,0.0,1.86,0.0039,51679.0,,,,,,,,58432.0,,,,,-14211.0,5435.0,,55586.0,,,939392.0,141595.0,589392.0,,,350000.0,,0.0,0.0,-15980.0,-218025.0,,,,,,,,215394.0,-163715.0,,,,,,,,,,,0.001,10000000.0,0.0,,,,49901.0,,,,,,,,,,,,53539143.0,84662.0,,,,,,,,,,,700197.0,130732.0,,108949.0,,,,,,,,,,,,,,,,,,,,-797797.0,,,13125.0,,,,,,,,,,,,,,,
2013-11-30,2014-01-14,10-Q,"Laredo Oil, Inc.",LRDC,CIK0001442492,USD,,,30383.0,,,,,,311538.0,6374856.0,,,,,,,114756.0,,,,,,,,,,,,63181.0,,,,0.0001,90000000.0,53650013.0,53650013.0,5365.0,,,742972.0,,45833.0,,,,,,,,,-77136.0,,266377.0,7334072.0,,,,0.0,-77136.0,,,,,,,25679.0,,,,,,,,,,,,,,8925.0,,64476.0,,,1068607.0,114756.0,718607.0,,,350000.0,,,,,-258890.0,,,,,,,,198508.0,-172829.0,,,,,,,,,,,0.001,10000000.0,0.0,,0.0,,51575.0,,,,,,,,,,,,53650013.0,72843.0,,,,,,,,,,,768651.0,125665.0,,,,,,,,,,,,,,,,,,,,,,-953851.0,,,,,,,,0.0,,53650013.0,,,,,,,,
2014-02-28,2014-04-14,10-Q,"Laredo Oil, Inc.",LRDC,CIK0001442492,USD,,,33292.0,,,,,,372591.0,6544462.0,,,,,,,423997.0,,,,,,,,,,,,385649.0,,,0.0,0.0001,90000000.0,53650013.0,53650013.0,5365.0,,,875582.0,,296330.0,,,,,,,,,,,208061.0,7456549.0,,,,0.0,58317.0,,,,,,,98816.0,,,,,,,,,,,,,,6105.0,,70445.0,,,1330719.0,423997.0,1330719.0,,,0.0,,,,,-122475.0,,350000.0,,,,,,273503.0,-174687.0,,,,,,,,,,,0.001,10000000.0,0.0,,0.0,,38348.0,,,,,,,,,,,,53650013.0,78345.0,,,,,,,,,,,974398.0,195158.0,,,,,,,,,,,,,,,,,,,,,,-906722.0,,,,,,,,,,53650013.0,,,,,,,,
2014-05-31,2014-08-29,10-K,"Laredo Oil, Inc.",LRDC,CIK0001442492,USD,,,28286.0,,,,,,482515.0,6684403.0,472716.0,,521327.0,,,136494.0,136494.0,,,,,,,,,,,,88271.0,-19403.0,,,0.0001,90000000.0,53600013.0,53600013.0,5360.0,,,3326206.0,,45833.0,0.0,472429.0,327524.0,,,-799953.0,,,-496062.0,,636428.0,8173136.0,,,,-0.02,,,,,,,,145727.0,,0.0,-189794.0,,447433.0,-257639.0,0.0,286720.0,,,5000.0,,12533.0,27312.0,,76805.0,48611.0,56801.0,1619867.0,136494.0,1619867.0,,,0.0,,0.0,0.0,-19403.0,-1315979.0,,350000.0,350000.0,,,,,938332.0,-792605.0,72441.0,62987.0,,9454.0,,,,,,,0.0001,10000000.0,0.0,0.0,0.0,,48223.0,,,,,,,,,,0.0,0.0,,330334.0,,,,,,,,,,-8173136.0,3471933.0,607998.0,,472716.0,,,0.0,1.885,0.0029,,,,,,,,,,,,,,,-1483373.0,,,48611.0,,,,,,53609465.0,,,,,,,,,
2014-08-31,2014-10-15,10-Q,"Laredo Oil, Inc.",LRDC,CIK0001442492,USD,,,73113.0,,,,,,639689.0,6851126.0,,,166723.0,,,248424.0,248424.0,,,,,,,,,,,,86473.0,-1798.0,,,0.0001,90000000.0,53600013.0,53600013.0,5360.0,,,1501974.0,,45833.0,,,,,,,,,85189.0,,551239.0,8351048.0,,,,0.0,85189.0,,,,0.0,1.4757,0.0009,52928.0,,,,,,,,208308.0,,,,,113728.0,6531.0,,83112.0,,,1742986.0,248424.0,1742986.0,,,,,0.0,0.0,-1798.0,-177912.0,,350000.0,,,,,,309498.0,-256570.0,,,,,,,,,,,0.001,10000000.0,0.0,,0.0,,161951.0,,,,,,,,,,,,53600013.0,122728.0,,,,,,,,,,,1554902.0,186770.0,,166723.0,,,,,,,,,,,,,,,,,,,,-1494562.0,,,,,,,,,,53600013.0,,,,,,,,
2014-11-30,2015-01-14,10-Q,"Laredo Oil, Inc.",LRDC,CIK0001442492,USD,,,47481.0,,,,,,705547.0,7017846.0,,,,,4606492.0,290163.0,290163.0,,,,,,,,,,,,99632.0,,,,0.0001,90000000.0,53642177.0,53642177.0,5364.0,,,1728005.0,,45833.0,,,,,,,,,,,379109.0,8350367.0,,,,0.0,172130.0,,,,,,,121086.0,,,,,,,,,,,,,,6351.0,,89350.0,,,1617320.0,290163.0,1267320.0,,,350000.0,,,,,681.0,,0.0,,,,,,286184.0,-165098.0,,,,,,,,,,,0.001,10000000.0,0.0,,0.0,,190531.0,,,,,,,,,,,,,118066.0,,,,,,,,,,,1849091.0,168118.0,,,,,,,,,,,,,,,,,,,,,,-1327157.0,,,,,,,,58234769.0,,53628277.0,,,,,,,,
2015-02-28,2015-04-14,10-Q,"Laredo Oil, Inc.",LRDC,CIK0001442492,USD,,,115713.0,,,,,,834721.0,7171980.0,,,,,0.0,198906.0,198906.0,,,,,,,,,,,,70366.0,,,,0.0001,90000000.0,53668177.0,53668177.0,5367.0,,,2829375.0,,45833.0,,,,,,,,,,,298762.0,8719242.0,,,,-0.01,80347.0,,,,,,,-192889.0,,,,,,,,,,,,,,6434.0,,95772.0,,,,198906.0,1740801.0,,,,,,,,-368875.0,,350000.0,,,,,,249899.0,-442788.0,,,,,,,,,,,0.001,10000000.0,0.0,,0.0,,128540.0,,,,,,,,,,,,,96351.0,,,,,,,,,,,2636486.0,153548.0,,,,,,,,,,,,,,,,,,,,,,-1541895.0,,,,,,,,,53432533.0,53432533.0,,,,,,,,
2015-05-31,2015-08-31,10-K,"Laredo Oil, Inc.",LRDC,CIK0001442492,USD,,,35043.0,,,,,,1010158.0,7320378.0,583893.0,,613893.0,,,241757.0,241757.0,,,,,,,,,,,,85835.0,-2436.0,,,0.0001,90000000.0,53998569.0,53998569.0,5400.0,,,8840924.0,,45833.0,0.0,484780.0,576316.0,,,1061096.0,,,384437.0,,251991.0,,,,,-0.01,,,,,,,,-21553.0,,0.0,-261143.0,,270440.0,-9297.0,0.0,560008.0,,,0.0,,107699.0,26464.0,,102413.0,30000.0,66459.0,1795438.0,241757.0,1795438.0,,,0.0,,22122.0,0.0,-24558.0,-706323.0,,350000.0,350000.0,,,,,1042743.0,-1064296.0,,,,,0.0,,,,,,0.0001,10000000.0,0.0,0.0,0.0,,155922.0,,,,,,,,,,6500.0,15622.0,,478727.0,,,,,,,,151000.0,,-8879459.0,8819371.0,564016.0,,583893.0,,,0.0,1.378,0.0008,,,,,,,,,,,,,,,-1553681.0,,,,,30000.0,,,,53687223.0,,,,,,,,,
2015-08-31,2015-10-15,10-Q,"Laredo Oil, Inc.",LRDC,CIK0001442492,USD,,,36963.0,,,,,,989017.0,7729114.0,,,132372.0,,0.0,185955.0,185955.0,,,,,,,,,,,,94133.0,8298.0,,,0.0001,90000000.0,54514765.0,54514765.0,5451.0,,,2734845.0,,45833.0,,,,,,,,,-24424.0,,0.0,,,,,0.0,-24424.0,,,,0.0,1.631,0.0002,57059.0,,,,,,,,-12536.0,,,,,-64100.0,6910.0,,109098.0,,,1530911.0,185955.0,1530911.0,,,,,0.0,0.0,8298.0,-200062.0,,350000.0,,,,,,225787.0,-168728.0,,,,,,,,,,,0.001,10000000.0,0.0,,0.0,,91822.0,,,,,,,,,,,,,113693.0,,,,,,,,,,-9079521.0,2791904.0,112094.0,,132372.0,,,0.0,1.631,0.0002,,,,,,,,,,,,,,,-1344956.0,,,,,,,,,54275294.0,54275294.0,,,,,,,,
2015-11-30,2016-01-14,10-Q,"Laredo Oil, Inc.",LRDC,CIK0001442492,USD,,,21388.0,,,,,,1145464.0,7886208.0,,,,,,417586.0,417586.0,,,,,,,,,,,,227971.0,,,,0.0001,90000000.0,54514765.0,54514765.0,5451.0,,,2688664.0,,45833.0,,,,,,,,,,,0.0,,,,,0.0,0.0,,,,,,,168040.0,,,,,,,,,,,,,,6741.0,,115726.0,,,1678411.0,417586.0,1328411.0,,,350000.0,,,,,-72963.0,,0.0,,,,,,234262.0,-66222.0,,,,,,,,,,,0.0001,10000000.0,0.0,,0.0,,189615.0,,,,,,,,,,,,,98227.0,,,,,,,,,,-9152484.0,2856704.0,136035.0,,,,,,,,,,,,,,,,,,,,,,-1260825.0,,,,,,,,0.0,54514765.0,54514765.0,,,,,,,,
2016-02-29,2016-04-14,10-Q,"Laredo Oil, Inc.",LRDC,CIK0001442492,USD,,,27547.0,,,,,,1041775.0,8039540.0,,,,,0.0,439507.0,439507.0,,,,,,,,,,,,309338.0,,,,0.0001,90000000.0,54514765.0,54514765.0,5451.0,,,2828422.0,,45833.0,,,,,,,,,,,0.0,,,,,0.0,0.0,,,,,,,181152.0,,,,,,,,,,,,,,7040.0,,122594.0,,,,439507.0,1587749.0,,,,,,,,-40749.0,,350000.0,,,,,,214861.0,-33709.0,,,,,,,,,,,0.001,10000000.0,0.0,0.0,0.0,,130169.0,,,,,,,,,,,,,88721.0,,,,,,,,,,-9193233.0,3009574.0,126140.0,,,,,,,,,,,,,,,,,,,,,,-1148242.0,,,,,,,,,54514765.0,,,,,,,,,
2016-05-31,2016-08-29,10-K,"Laredo Oil, Inc.",LRDC,CIK0001442492,USD,,170079.0,33363.0,,,,,,1057280.0,8188199.0,579514.0,,591458.0,,,440230.0,440230.0,,,,,,,,,,,,393937.0,308102.0,,,0.0001,90000000.0,54514765.0,54514765.0,5451.0,,,10624321.0,,45833.0,0.0,426055.0,681830.0,,,1107885.0,,,-24424.0,,0.0,,,,,-0.01,,,,,,,,272415.0,,0.0,-46789.0,,224450.0,-119835.0,-57826.0,242739.0,,,,,-109629.0,28085.0,,129632.0,11944.0,16336.0,1786187.0,440230.0,1786187.0,,,0.0,,0.0,0.0,308102.0,-660148.0,,350000.0,350000.0,,,,,880054.0,-607639.0,,,,,170079.0,,,,,,0.0001,10000000.0,0.0,0.0,0.0,,46293.0,,,,,,,,,,0.0,0.0,,385339.0,,,,,,,,62000.0,,-9539607.0,10896736.0,494715.0,,579514.0,,,,,,,,,,,,,10509000.0,0.68,,,,,,-1345957.0,,,,,11944.0,,,,54454050.0,,,,,,,,,
2016-08-31,2016-10-17,10-Q,"Laredo Oil, Inc.",LRDC,CIK0001442492,USD,,0.0,36125.0,,,,,,1058711.0,8323303.0,,,135104.0,,0.0,297136.0,297136.0,,,,,,,,,,,,116376.0,-277561.0,,,0.0001,90000000.0,54514765.0,54514765.0,5451.0,,,2514410.0,,45833.0,,,,,,,,,0.0,,,,,,,0.0,0.0,,,,,,,108801.0,,,,,,,,-157963.0,,,,,134467.0,8187.0,,137555.0,,,1628224.0,297136.0,1628224.0,,,,,0.0,0.0,-277561.0,-120235.0,,350000.0,,,,,,220849.0,-112048.0,,,,,,,,,,,0.0001,10000000.0,0.0,0.0,0.0,,180760.0,,,,,,,,,,,,,111917.0,,,,,,,,,,-9659842.0,2623211.0,108932.0,,135104.0,,,,,,,,,,,,,,,,,,,,-1331088.0,,,,,,,,,54514765.0,,,,,,,,,
2016-11-30,2017-01-17,10-Q,"Laredo Oil, Inc.",LRDC,CIK0001442492,USD,,0.0,19620.0,,,,,,1178750.0,8436370.0,,,,,0.0,248795.0,248795.0,,,,,,,,,,,,129966.0,,,,0.0001,90000000.0,54514765.0,54514765.0,5451.0,,,2510548.0,,45833.0,,,,,,,,,,,,,,,,0.0,0.0,,,,,,,-102316.0,,,,,,,,,,,,,,7158.0,,144580.0,,,1738783.0,248795.0,1388783.0,,,350000.0,,,,,-271967.0,,0.0,,,,,,162493.0,-264809.0,,,,,,,,,,,0.0001,10000000.0,0.0,0.0,0.0,,118829.0,,,,,,,,,,,,,75606.0,,,,,,,,,,-9931809.0,2408232.0,86887.0,,,,,,,,,,,,,,,,,,,,,,-1489988.0,,,,,,,,,54514765.0,,,,,,,,,
2017-02-28,2017-04-14,10-Q,"Laredo Oil, Inc.",LRDC,CIK0001442492,USD,,214642.0,28107.0,,,,,,1241823.0,8514773.0,,,,,0.0,532739.0,532739.0,,,,,,,,,,,,451170.0,,,,0.0001,90000000.0,54514765.0,54514765.0,5451.0,,,2436925.0,,45833.0,,,,,,,,,,,,,,,,0.0,0.0,,,,,,,54641.0,,,,,,,,,,,,,,7302.0,,151868.0,,,2032273.0,532739.0,2032273.0,,,,,,,,-87949.0,,350000.0,,,,,,135288.0,-80647.0,,,,,,,,,,,0.0001,10000000.0,0.0,0.0,0.0,,81569.0,,,,,,,,,,,,,48212.0,,,,,,,,,,-10019758.0,2491566.0,87076.0,,,,,,,,,,,,,,,,,,,,,,-1499534.0,,,,,,,,,54514765.0,,,,,,,,,
2017-05-31,2017-08-29,10-K,"Laredo Oil, Inc.",LRDC,CIK0001442492,USD,,20128.0,38219.0,,,27870.0,269000.0,,1671651.0,8591327.0,401739.0,,403128.0,,,377879.0,377879.0,,,,,,,,,,,,330684.0,-63253.0,,,0.0001,90000000.0,54514765.0,54514765.0,5451.0,,,10101432.0,,45833.0,0.0,458557.0,968581.0,,,1427138.0,,,0.0,,,,,,,-0.02,,,264845.0,,,,,-278046.0,,0.0,-319253.0,0.0,327917.0,-59647.0,50983.0,498983.0,-2822.0,,,,3724.0,30382.0,,159339.0,1389.0,1539.0,2285170.0,377879.0,2285170.0,,,,,0.0,0.0,-63253.0,-964462.0,0.0,350000.0,350000.0,350000.0,0.0,,,656034.0,-934080.0,,,,,20128.0,,,,,,0.0001,10000000.0,0.0,0.0,0.0,,19325.0,,,,,,,,,,,,,286568.0,,,,,,,,0.0,1389.0,-10504069.0,9823386.0,369466.0,,401739.0,,,,,,,,,900000.0,1755000.0,0.0,,7854000.0,0.63,0.0,2.0,0.25,0.0,,-1907291.0,,0.0,,,1389.0,401739.0,,,54514765.0,,,,,,,,,
2017-08-31,2017-10-16,10-Q,"Laredo Oil, Inc.",LRDC,CIK0001442492,USD,,0.0,31237.0,,,,,,1517814.0,8664185.0,,,72858.0,,0.0,387917.0,387917.0,,,,,,,,,,,,361052.0,30368.0,,,0.0001,90000000.0,54514765.0,54514765.0,5451.0,,,2222566.0,,45833.0,,,,,,,,,,,,,,,,0.0,,,,,,,,242715.0,,,,,,,,-173276.0,-9606.0,,,,-10724.0,7935.0,,167009.0,,,2111893.0,387917.0,2111893.0,,,,,0.0,0.0,30368.0,110456.0,,350000.0,,,,,,124324.0,118391.0,,,,,,,,,,,0.0001,10000000.0,0.0,0.0,0.0,,26865.0,,,,,,,,,,,,,36500.0,,,,,,,,,,-10393612.0,2465281.0,87824.0,,72858.0,,,,,,,,,,,,,,,,,,,,-1723976.0,,,,,,,,,54514765.0,,,,,,,,,
2017-11-30,2018-01-16,10-Q,"Laredo Oil, Inc.",LRDC,CIK0001442492,USD,,0.0,34647.0,,,,,,1288669.0,8737042.0,,,,,0.0,83813.0,83813.0,,,,,,,,,,,,29825.0,,,,0.0001,90000000.0,54514765.0,54514765.0,5451.0,,,2159429.0,,45833.0,,,,,,,,,,,,,,,,0.0,,,,,,,,6494.0,,,,,,,,,,,,,,7743.0,,174619.0,,,1893768.0,83813.0,1543768.0,,,,,,,,-158835.0,,,,0.0,350000.0,,,157586.0,-151092.0,,,,,,,,,,,0.0001,10000000.0,0.0,0.0,0.0,,53988.0,,,,,,,,,,,,,70184.0,,,,,,,,,,-10552448.0,2165923.0,87402.0,,,,,,,,,,,,,,,,,,,,,,-1809955.0,,,,,,,,,54514765.0,,,,,,,,,
2018-02-28,2018-04-16,10-Q,"Laredo Oil, Inc.",LRDC,CIK0001442492,USD,,0.0,25974.0,,,,,,1241571.0,8796843.0,,,,,,340653.0,340653.0,,,,,,,,,,,,317320.0,,,,0.0001,90000000.0,54514765.0,54514765.0,5451.0,,,2306376.0,,45833.0,,,,,,,,,,,,,,,,0.0,,,,,,,,377123.0,,,,,,,,,,,,,,7729.0,,182348.0,,,1845726.0,340653.0,1845726.0,,,,,,,,245081.0,,,,350000.0,,,,124313.0,252810.0,,,,,,,,,,,0.0001,10000000.0,0.0,0.0,0.0,,23333.0,,,,,,,,,,,,,49266.0,,,,,,,,,,-10307367.0,2683499.0,75047.0,,59801.0,,,,,,,,,,,,,,,,,,,,-1505073.0,,,,,,,,,54514765.0,,,,,,,,,
2018-05-31,2018-08-29,10-K,"Laredo Oil, Inc.",LRDC,CIK0001442492,USD,,32914.0,9360.0,,,120124.0,24000.0,,1207417.0,8830531.0,239204.0,,239204.0,,,266416.0,266416.0,,,,,,,,,,,,106311.0,-224373.0,,,0.0001,90000000.0,54514765.0,54514765.0,5451.0,,,8749147.0,,45833.0,0.0,318890.0,524616.0,,,843506.0,,,,,,,,,,0.0,,,14061.0,,,,,613312.0,,0.0,583632.0,-522170.0,-20728.0,-21460.0,-19274.0,-449374.0,92254.0,,,,20656.0,31330.0,,190272.0,0.0,0.0,1835796.0,266416.0,1835796.0,,,,,0.0,0.0,-224373.0,98707.0,12034.0,,350000.0,350000.0,0.0,,,495309.0,118003.0,,,,,32914.0,,,,,,0.0001,10000000.0,0.0,0.0,0.0,,39981.0,,,,,,,,,,,,,195225.0,,,,,,,,,0.0,-10405362.0,9362459.0,300084.0,291000.0,239204.0,,,,,,5374501.0,,8620000.0,0.0,3100000.0,0.0,,4754000.0,0.89,0.0,0.0,0.24,0.0,,-1569380.0,,0.0,,,,239204.0,,,54514765.0,,,,,,,,,
2018-08-31,2018-10-15,10-Q,"Laredo Oil, Inc.",LRDC,CIK0001442492,USD,,0.0,62488.0,,,108922.0,,,1363679.0,8844592.0,,,,,,438331.0,438331.0,,,,,,,,,,,,303606.0,197295.0,,,0.0001,90000000.0,54514765.0,54514765.0,5451.0,,,1962670.0,,45833.0,,,,,,,,,,,,,,,,0.0,,,,,,,,98627.0,,,,,,,,184612.0,-11202.0,,,,-14178.0,8921.0,,198408.0,,,2020408.0,438331.0,2020408.0,,,,,0.0,0.0,197295.0,-26758.0,,,,350000.0,,,,116464.0,-17837.0,,,,,,,,,,,0.0001,10000000.0,0.0,0.0,0.0,,25803.0,,,,,,,,,,,,,87504.0,,,,,,,,,,-10432120.0,2061297.0,28960.0,,14061.0,,,,,,,,,,,,,,,,,,,,-1582077.0,,,,,,,,,54514765.0,,,,,,,,,
2018-11-30,2019-01-14,10-Q,"Laredo Oil, Inc.",LRDC,CIK0001442492,USD,,58766.0,33356.0,,,19778.0,,,1301283.0,8844592.0,,,,,,468747.0,468747.0,,,,,,,,,,,,435418.0,,,,0.0001,90000000.0,54514765.0,54514765.0,5451.0,,,1956444.0,,45833.0,,,,,,,,,,,,,,,,0.0,,,,,,,,120484.0,,,,,,,,,,,,,,8072.0,,206479.0,,,1995717.0,468747.0,1645717.0,,,,,,,,55107.0,,,,0.0,350000.0,,,57305.0,63179.0,,,,,,,,,,,0.0001,10000000.0,0.0,0.0,0.0,,13551.0,,,,,,,,,,,,,43460.0,,,,,,,,,,-10377013.0,2076928.0,13845.0,,,,,,,,,,,,,,,,,,,,,,-1526970.0,,,,,,,,,54514765.0,,,,,,,,,
2019-02-28,2019-04-12,10-Q,"Laredo Oil, Inc.",LRDC,CIK0001442492,USD,,0.0,14569.0,,,153656.0,,,1419175.0,8844592.0,,,,,,552644.0,552644.0,,,,,,,,,,,,350175.0,,,,0.0001,90000000.0,54514765.0,54514765.0,5451.0,,,2238769.0,,45833.0,,,,,,,,,,,,,,,,0.0,,,,,,,,116947.0,,,,,,,,,,,,,,8198.0,,214678.0,,,2044255.0,552644.0,2044255.0,,,,,,,,35359.0,,,,350000.0,,,,73390.0,43557.0,,,,,,,,,,,0.0001,10000000.0,0.0,0.0,0.0,,48813.0,,,,,,,,,,,,,54009.0,,,,,,,,,,-10341654.0,2355716.0,19381.0,,,,,,,,,,,,,,,,,,,,,,-1491611.0,,,,,,,,,54514765.0,,,,,,,,,
2019-05-31,2019-08-29,10-K,"Laredo Oil, Inc.",LRDC,CIK0001442492,USD,,,11690.0,,,27990.0,0.0,,1427940.0,8844592.0,14061.0,,,,,357100.0,357100.0,,,,,,,,,,,,289559.0,183248.0,,,0.0001,90000000.0,54514765.0,54514765.0,5451.0,,,8283877.0,,45833.0,0.0,297665.0,573575.0,,,871240.0,0.0,,,,,,350000.0,,,0.0,,,,,,,,195978.0,,0.0,-27734.0,0.0,30687.0,-2953.0,0.0,222750.0,-92134.0,,,,-430.0,33596.0,,223083.0,,0.0,2058546.0,357100.0,2058546.0,,0.0,0.0,550000.0,0.0,0.0,183248.0,-146127.0,0.0,0.0,0.0,350000.0,,,,308509.0,-112531.0,,,,,0.0,,,,,,0.0001,10000000.0,0.0,0.0,0.0,,39551.0,,,,,,,0.0,,,,,,230615.0,,,,,,,,,0.0,-10551489.0,8479855.0,77894.0,,14061.0,,,,,,5374501.0,,8620000.0,0.0,75000.0,0.0,,4679000.0,0.89,0.0,0.0,0.41,0.0,,-1701446.0,,0.0,,,,14061.0,,,54514765.0,,,,,,,,,
2019-08-31,2019-10-15,10-Q,"Laredo Oil, Inc.",LRDC,CIK0001442492,USD,,,45910.0,,,144406.0,,,1605811.0,8844592.0,,,,,,492573.0,492573.0,,,,,,,,,,,,321428.0,31869.0,,,0.0001,90000000.0,54514765.0,54514765.0,5451.0,,,2069317.0,,45833.0,,,,,,,,,,,,,,,,0.0,,,,,,,,15865.0,,,,,,,,220721.0,116416.0,,,,-12812.0,8630.0,,231713.0,,,2279267.0,492573.0,2279267.0,,,,,0.0,0.0,31869.0,-85248.0,,,,350000.0,,,,92483.0,-76618.0,,,,,,,,,0.0,,0.0001,10000000.0,,,0.0,,26739.0,,,,,,,,,,,,,70665.0,,,,,,,,,,-10636737.0,2085182.0,21818.0,,0.0,0.0,,,,,,0.0,,,,0.0,,,,,,,,,-1786694.0,,,,,,,,,54514765.0,,,,,,,,,
2019-11-30,2020-01-14,10-Q,"Laredo Oil, Inc.",LRDC,CIK0001442492,USD,,,27176.0,,,17147.0,,,1507465.0,8844592.0,,,,,,414745.0,414745.0,,,,,,,,,,,,383672.0,,,,0.0001,90000000.0,54514765.0,54514765.0,5451.0,,,1951148.0,,45833.0,,,,,,,,,,,,,,,,0.0,,,,,,,,85575.0,0.0,,,,,,,,,,,,,8563.0,,240275.0,,,2170749.0,414745.0,1820749.0,,,350000.0,,,,,30690.0,,,0.0,,,,,46322.0,39253.0,,,,,,,,,,,0.0001,10000000.0,0.0,0.0,0.0,,13926.0,,,,,,,,,,,,,29186.0,,,,,,,,,,-10606047.0,2036723.0,17136.0,,0.0,0.0,,,,,,0.0,,,,0.0,,,,,,,,,-1756004.0,,,,,,,,,54514765.0,,,,,,,,,
2020-02-29,2020-04-14,10-Q,"Laredo Oil, Inc.",LRDC,CIK0001442492,USD,,,19204.0,,,307426.0,,,1828454.0,8844592.0,,,,,,720002.0,720002.0,0.0,,,,,,,,,,,357185.0,,,,0.0001,90000000.0,54514765.0,54514765.0,5451.0,,,2111583.0,,45833.0,,,,,,,,,,,,,,,,0.0,,,,,,,,74133.0,0.0,,,,,,,,,,,,,8792.0,,249068.0,,,2492559.0,720002.0,2492559.0,,,,,,,,-16553.0,,,350000.0,,,,,81894.0,-7761.0,,,,,,,,,,,0.0001,10000000.0,0.0,0.0,0.0,,55391.0,,,,,,,,,,,,,61665.0,,,,,,,,,,-10622600.0,2185716.0,20229.0,,0.0,,,,,,,,,,,0.0,,,,,,,,,-1772557.0,,,,,,,,,54514765.0,,,,,,,,,
2020-05-31,2020-08-31,10-K,"Laredo Oil, Inc.",LRDC,CIK0001442492,USD,,,20954.0,0.0,32000.0,32058.0,,,1581847.0,8844592.0,,,,0.0,,1623061.0,1623061.0,0.0,,,,,,,,,,0.0,1532511.0,1242952.0,,,0.0001,90000000.0,54514765.0,54514765.0,5451.0,,,7968985.0,0.0,45833.0,0.0,298177.0,5409.0,304996.0,297710.0,906292.0,49237.0,0.0,,,,,350000.0,350000.0,0.0,0.0,,,,0.0,,,,176182.0,0.0,0.0,35052.0,0.0,-35052.0,0.0,0.0,9264.0,4068.0,36050.0,0.0,153907.0,18941.0,36050.0,,259133.0,,0.0,3491423.0,1623061.0,2731545.0,759878.0,0.0,759878.0,550000.0,1233656.0,0.0,9296.0,-166916.0,,1233656.0,473778.0,350000.0,,0.0,,307048.0,-130866.0,,,,,,0.0,,,0.0,0.0,0.0001,10000000.0,0.0,0.0,0.0,,58492.0,1233656.0,,,,,,1233656.0,0.0,0.0,,,,232048.0,,0.0,,0.0,,,,,0.0,-10718405.0,8145167.0,75000.0,,0.0,,,,,,5374501.0,,8695000.0,0.0,0.0,0.0,,4679000.0,0.89,0.0,0.0,0.0,0.0,,-1868362.0,,0.0,,,,0.0,,,54514765.0,,1532511.0,,,,,,,
2020-08-31,2020-10-15,10-Q,"Laredo Oil, Inc.",LRDC,CIK0001442492,USD,,,83105.0,,,294491.0,,,1799714.0,8844592.0,,,,,,1720447.0,1271547.0,,,,,,,,,,,,948795.0,-583716.0,5374501.0,,0.0001,90000000.0,54514765.0,54514765.0,5451.0,,,1718864.0,,45833.0,,,,,,,,,,,,,,,,0.0,,,,448900.0,,,,-42877.0,,,,,,,,292216.0,262433.0,,,,30231.0,12198.0,,271331.0,,,3783639.0,1720447.0,3230310.0,,1233656.0,553329.0,,0.0,-448900.0,-134816.0,-194830.0,,1233656.0,680327.0,350000.0,,,,139755.0,-182632.0,,,,,,,,,448900.0,,0.0001,10000000.0,0.0,0.0,0.0,,28261.0,,,,,,,,,,,,,120758.0,,,,,,,,,,-10913235.0,1675987.0,18997.0,222023.0,0.0,0.0,,,,,,0.0,,,,0.0,,,,,,,,,-2063192.0,,,,,,,48223.0,,54514765.0,,,,,,,,,
2020-11-30,2021-01-19,10-Q,"Laredo Oil, Inc.",LRDC,CIK0001442492,USD,,,77235.0,,,24457.0,,,1760312.0,8844592.0,,,,,,1461845.0,1076569.0,,,,,,,,,,,,1040799.0,,5374501.0,,0.0001,90000000.0,54514765.0,54514765.0,5451.0,,,1262837.0,,45833.0,,,,,,,,,,,,,,,,0.0,,,,385276.0,,,,-15283.0,-63624.0,,,,,,,,,,,,,14168.0,,285498.0,,,3752534.0,1461845.0,2586168.0,,1233656.0,1166366.0,,,,,-227497.0,,1233656.0,67290.0,350000.0,,,,134422.0,-149705.0,,,,,,,,,,,0.0001,10000000.0,,,0.0,,11313.0,,,,,,,,,,,,,109376.0,,,,,,,,,,-11140732.0,1247554.0,25046.0,222023.0,0.0,0.0,,,,,,0.0,,,,0.0,,,,,,,,,-2290689.0,,,,,,,13224.0,,54514765.0,,1040799.0,,,,,,,
2021-02-28,2021-04-19,10-Q,"Laredo Oil, Inc.",LRDC,CIK0001442492,USD,,,218921.0,,,0.0,,,1536620.0,8844592.0,,,,,,3055274.0,2038244.0,417901.0,,,926655.0,448457.0,31022.0,436076.0,436076.0,417901.0,447176.0,,1865618.0,,5374501.0,,0.0001,90000000.0,54514765.0,54514765.0,5451.0,,,1230765.0,25208.0,95373.0,,,,,,,,,,,,,,,,0.01,,,,339617.0,,,,152203.0,-45659.0,,,,,,,,,,,,,12052.0,,11256.0,,,4935707.0,3055274.0,2135766.0,,606226.0,2193715.0,,,,,410256.0,,2467311.0,273596.0,0.0,,230237.0,,102137.0,50066.0,,,,,,,,,,,0.0001,10000000.0,0.0,0.0,0.0,,172626.0,,,,,,,,,,,,,78366.0,,677413.0,,447176.0,,,,,,-10730476.0,1382968.0,23771.0,284113.0,0.0,0.0,,,,,,0.0,,,,0.0,,,,,,,,,-1880433.0,,,,,,,0.0,,54514765.0,,,,,,,,,
2021-05-31,2021-09-14,10-K,"Laredo Oil, Inc.",LRDC,CIK0001442492,USD,,,267643.0,168522.0,0.0,0.0,,,1559283.0,8844592.0,,,,12439.0,,2770808.0,1632322.0,486294.0,72678.0,17678.0,995048.0,448457.0,99415.0,436076.0,436076.0,558972.0,447176.0,375779.0,1196650.0,-335861.0,,,0.0001,90000000.0,54514765.0,54514765.0,5451.0,,,4775976.0,17629.0,95373.0,0.0,380696.0,-17163.0,319449.0,297710.0,980692.0,0.0,13953.0,,,,,0.0,617934.0,600305.0,-0.01,,,,329283.0,,,,-183350.0,-119617.0,0.0,74400.0,0.0,-77330.0,0.0,2930.0,-343380.0,136464.0,39792.0,49540.0,-22564.0,109243.0,52231.0,,17491.0,,345.0,5007406.0,2770808.0,3160615.0,1846791.0,,1246486.0,320833.0,1220155.0,-325176.0,-1230840.0,-368236.0,,2467311.0,1220825.0,,,389480.0,,499332.0,-682682.0,,,,,,576863.0,,55000.0,448900.0,265555.0,0.0001,10000000.0,0.0,0.0,0.0,,267150.0,1233655.0,,,,,,,-13500.0,13500.0,,,,379982.0,433676.0,809203.0,13953.0,419723.0,419723.0,,,,,-11086641.0,4592626.0,119350.0,,,,,,,,5374501.0,,9074000.0,0.0,379000.0,0.0,,4300000.0,0.94,0.0,0.0,0.38,0.0,,-2236598.0,,0.0,,,,0.0,0.0,,54514765.0,,1196650.0,,,,,,,0.0
2021-08-31,2021-10-20,10-Q,"Laredo Oil, Inc.",LRDC,CIK0001442492,USD,,,185422.0,151630.0,,,,,1594637.0,8847880.0,,,,7579.0,,2399270.0,1147970.0,,,,,,,,,,,,824421.0,-372229.0,,,0.0001,90000000.0,54514765.0,54514765.0,5451.0,,,591129.0,,95373.0,,,,,,,,13953.0,,,,,607884.0,,,0.02,,,,340130.0,,,,-305011.0,10847.0,,,,,,,-98644.0,-16892.0,4794.0,,35354.0,95231.0,12366.0,,7186.0,,,3748004.0,2399270.0,2564336.0,1183668.0,,1183668.0,,,-99497.0,-272732.0,884576.0,,1257502.0,73834.0,,,505400.0,,164955.0,-469966.0,,,,,,,131153.0,,,99497.0,0.0001,10000000.0,0.0,0.0,,,171919.0,,,,,,,,,,,,,105615.0,,911170.0,,405770.0,,,,,,-10202065.0,286118.0,59340.0,222023.0,3288.0,,,,3.15,0.0095,,,,,,,,,,,,,,118387.0,-1348734.0,,,,,,,,,54514765.0,,,,,,,,,
2021-11-30,2022-01-19,10-Q,"Laredo Oil, Inc.",LRDC,CIK0001442492,USD,,,87852.0,28847.0,54667.0,,,,1608157.0,8857746.0,,,,,,2962720.0,1569954.0,,,,,,,,,,,,329858.0,,,,0.0001,90000000.0,54514765.0,54514765.0,5451.0,,,573890.0,,95373.0,,,,,,,,,,,,,,,,-0.01,,,,,,,,-287772.0,-18691.0,,,,,,,,,,,,,17057.0,,12736.0,,,4840584.0,2962720.0,3742544.0,1098040.0,,1098040.0,,,,,-538996.0,,1255883.0,157843.0,615381.0,,662075.0,,215476.0,-503248.0,,,,,,,,,,,0.0001,10000000.0,0.0,0.0,,,156582.0,,,,,,,,,,,,,109682.0,,1041892.0,,379817.0,,,,,,-10741061.0,286118.0,105794.0,,9866.0,,,,,,,,,,,,,,,,,,,,-1877864.0,,,,,,,,,54514765.0,,1329858.0,165202.0,1000000.0,,,15075.0,10000.0,1000000.0
