end,filed,form,Name,Ticker,CIK,Currency,AccountsPayableAndAccruedLiabilitiesCurrent,AccountsPayableAndAccruedLiabilitiesNoncurrent,AccountsPayableCurrent,AccountsReceivableGrossNoncurrent,AccountsReceivableNetCurrent,AccruedLiabilitiesCurrent,AccruedRentCurrent,AdditionalPaidInCapital,AdditionalPaidInCapitalCommonStock,AdjustmentForAmortization,AdjustmentsToAdditionalPaidInCapitalOther,Assets,AssetsCurrent,CapitalUnits,CapitalUnits,CapitalUnitsAuthorized,CapitalUnitsOutstanding,CashAndCashEquivalentsAtCarryingValue,CashAndCashEquivalentsPeriodIncreaseDecrease,CashCashEquivalentsRestrictedCashAndRestrictedCashEquivalentsPeriodIncreaseDecreaseExcludingExchangeRateEffect,CashFDICInsuredAmount,CommonStockNoParValue,CommonStockParOrStatedValuePerShare,CommonStockSharesAuthorized,CommonStockSharesIssued,CommonStockSharesOutstanding,CommonStockValue,CostOfGoodsSold,CostOfRevenue,CostOfServices,DebtInstrumentFaceAmount,DeferredRevenueAndCreditsNoncurrent,DeferredTaxAssetsNet,DeferredTaxAssetsOtherLossCarryforwards,DeferredTaxAssetsValuationAllowance,Deposits,DueFromRelatedPartiesCurrent,DueToRelatedPartiesCurrent,DueToRelatedPartiesCurrentAndNoncurrent,DueToRelatedPartiesNoncurrent,EarningsPerShareBasicAndDiluted,EffectiveIncomeTaxRateReconciliationAtFederalStatutoryIncomeTaxRate,EmployeeRelatedLiabilitiesCurrent,EquityMethodInvestmentOwnershipPercentage,ExchangeFees,GeneralAndAdministrativeExpense,GrossProfit,IncomeLossFromContinuingOperations,IncomeLossFromContinuingOperationsBeforeIncomeTaxesExtraordinaryItemsNoncontrollingInterest,IncomeLossFromContinuingOperationsBeforeIncomeTaxesMinorityInterestAndIncomeLossFromEquityMethodInvestments,IncomeLossFromDiscontinuedOperationsNetOfTax,IncomeLossFromDiscontinuedOperationsNetOfTaxAttributableToReportingEntity,IncomeLossFromEquityMethodInvestments,IncomeTaxExpenseBenefit,IncomeTaxesPaid,IncomeTaxesPaidNet,IncomeTaxReconciliationChangeInDeferredTaxAssetsValuationAllowance,IncomeTaxReconciliationChangeInEnactedTaxRate,IncomeTaxReconciliationDeductions,IncomeTaxReconciliationForeignIncomeTaxRateDifferential,IncomeTaxReconciliationIncomeTaxExpenseBenefitAtFederalStatutoryIncomeTaxRate,IncomeTaxReconciliationNondeductibleExpense,IncomeTaxReconciliationPriorYearIncomeTaxes,IncreaseDecreaseInAccountsPayable,IncreaseDecreaseInAccountsPayableAndAccruedLiabilities,IncreaseDecreaseInAccountsReceivable,IncreaseDecreaseInAccruedTaxesPayable,IncreaseDecreaseInDeferredRevenue,IncreaseDecreaseInDueToRelatedParties,IncreaseDecreaseInFinanceReceivables,IncreaseDecreaseInOtherAccountsPayableAndAccruedLiabilities,IncreaseDecreaseInPrepaidDeferredExpenseAndOtherAssets,IncreaseDecreaseInPrepaidExpense,IncreaseDecreaseInPrepaidExpensesOther,InterestPaid,Liabilities,LiabilitiesAndStockholdersEquity,LiabilitiesCurrent,LiabilitiesNoncurrent,LoansAndLeasesReceivableGrossCarryingAmount,LoansPayableCurrent,LongTermLoansPayable,MarketableSecuritiesNoncurrent,NetCashProvidedByUsedInFinancingActivities,NetCashProvidedByUsedInInvestingActivities,NetCashProvidedByUsedInOperatingActivities,NetIncomeLoss,OperatingCostsAndExpenses,OperatingExpenses,OperatingIncomeLoss,OperatingLeasePaymentsUse,OperatingLeasesFutureMinimumPaymentsDue,OtherAccountsPayableAndAccruedLiabilities,OtherAccruedLiabilitiesCurrent,OtherAssetsCurrent,OtherIncome,OtherNonrecurringIncomeExpense,OtherReceivables,PartnersCapitalDistributionAmountPerShare,PaymentsToAcquireOtherProductiveAssets,PaymentsToAcquirePropertyPlantAndEquipment,PrepaidExpenseAndOtherAssetsCurrent,PrepaidExpenseCurrent,ProceedsFromContributionsFromAffiliates,ProceedsFromIssuanceOfCommonStock,ProceedsFromRelatedPartyDebt,ProceedsFromSaleOfLoansHeldForInvestment,ProfitLoss,PropertyPlantAndEquipmentGross,PropertyPlantAndEquipmentOther,RepaymentsOfRelatedPartyDebt,RestrictedStockValueSharesIssuedNetOfTaxWithholdings,RetainedEarningsAccumulatedDeficit,Revenues,SaleOfStockNumberOfSharesIssuedInTransaction,SalesRevenueServicesNet,SharesIssued,SharesIssuedPricePerShare,ShortTermLeasePayments,StockholdersEquity,StockholdersEquityIncludingPortionAttributableToNoncontrollingInterest,StockIssued1,StockIssuedDuringPeriodSharesNewIssues,StockIssuedDuringPeriodSharesOther,StockIssuedDuringPeriodValueAcquisitions,StockIssuedDuringPeriodValueIssuedForServices,StockIssuedDuringPeriodValueNewIssues,StockIssuedDuringPeriodValueOther,TaxAdjustmentsSettlementsAndUnusualProvisions,TaxesPayableCurrent,WeightedAverageNumberOfDilutedSharesOutstanding,WeightedAverageNumberOfShareOutstandingBasicAndDiluted,WeightedAverageNumberOfSharesOutstandingBasic,AccountsPayableCurrentAndNoncurrent,IncomeLossFromContinuingOperationsPerBasicAndDilutedShare,ProceedsFromRepaymentsOfRelatedPartyDebt
2017-02-28,2017-03-20,10-Q,TEMIR CORP.,TMRR,CIK0001685237,USD,,,,,,,,,28126.0,,,36917.0,,,,,,35132.0,,,,,,75000000.0,2574000.0,2574000.0,2574.0,3000.0,3000.0,3000.0,,,,,,,,,,2725.0,0.0,,,,,,4000.0,,,,,,,,,,,,,,,,,,,,,,,,,,,,,2725.0,36917.0,,,,,,,,,,2486.0,,1514.0,2486.0,,,,,1785.0,,1514.0,,,,,,,,,,,,,,,,3492.0,7000.0,,7000.0,,,,,34192.0,,,,,,,,,,,,2278277.0,,,
2017-05-31,2017-07-03,10-Q,TEMIR CORP.,TMRR,CIK0001685237,USD,,1500.0,,,,,,,28126.0,,,34891.0,,,,,,33174.0,,,,,,75000000.0,2574000.0,2574000.0,2574.0,1500.0,1500.0,1500.0,,3300.0,,,,,,,,3221.0,0.0,,,,,,500.0,,,,,,,,,,,,,,,,,,,,,,,,,,,,,8021.0,34891.0,,,,,,,,,,-7322.0,,7822.0,-7322.0,,,,,1618.0,,7822.0,,,,,,99.0,,,,,,,,,,-3830.0,2000.0,,2000.0,,,,,26870.0,,,,,,,,,,,,2278277.0,,,
2017-08-31,2017-12-04,10-K,TEMIR CORP.,TMRR,CIK0001685237,USD,,,,,,,,28126.0,28126.0,549.0,28126.0,36809.0,35358.0,,,,,35061.0,33061.0,,,,,75000000.0,2574.0,2574000.0,2574.0,,10000.0,10000.0,,,,,,,,,,3221.0,0.0,,3221.0,,,15787.0,19400.0,3613.0,,3613.0,,,3613.0,,0.0,,,,,,,,,,,,,,,,,-297.0,-297.0,,0.0,36809.0,33588.0,3221.0,3221.0,,,,,31196.0,-2000.0,3865.0,3613.0,,15787.0,3613.0,,,,,1451.0,,15787.0,,,-2000.0,-2000.0,,297.0,2496.0,28700.0,,2496.0,3613.0,1451.0,1451.0,,,2888.0,29400.0,,29400.0,2574000.0,,,33588.0,33588.0,,,574000.0,,,,,,,2357975.0,,2357975.0,,,
2018-02-28,2018-03-26,10-Q,TEMIR CORP.,TMRR,CIK0001685237,USD,,,,,,,,,28126.0,,,33674.0,,,,,,32557.0,,,,,,75000000.0,2574000.0,2574000.0,2574.0,1000.0,1000.0,,,,,,,,,,,3753.0,0.0,,,,,,800.0,,,,,,,,,,,,,,,,,,,,,,,,,,,,,3753.0,33674.0,,,,,,,,,,-2704.0,,3504.0,-2704.0,,,,,,,3504.0,,,,,,,,,,,,1117.0,,,,-779.0,1800.0,,1800.0,,,,,29921.0,,,,,,,,,,,,2574000.0,,,
2018-05-31,2018-06-27,10-Q,TEMIR CORP.,TMRR,CIK0001685237,USD,,,,,,,,,28126.0,,,24397.0,,,,,,23447.0,,,,,,75000000.0,2574000.0,2574000.0,2574.0,1700.0,1700.0,,,,,,,,,,,3753.0,0.0,,,,,,1800.0,,,,,,,,,,,,,,,,,,,,,,,,,,,,,3753.0,24397.0,,,,,,,,,,-9278.0,,11078.0,-9278.0,,,,,,,11078.0,,,,,,,,,,,,950.0,,,,-10056.0,3500.0,,3500.0,,,,,20644.0,,,,,,,,,,,,2574000.0,,,
2018-08-31,2018-10-22,10-K,TEMIR CORP.,TMRR,CIK0001685237,USD,,,,,,,,28126.0,28126.0,668.0,0.0,3656.0,2873.0,,,,,1545.0,-32188.0,,,,0.001,75000000.0,2574000.0,2574000.0,2574.0,,2700.0,,,,,,,,,,,3753.0,0.0,,3753.0,,,39485.0,5800.0,-33685.0,,-33685.0,,,-33685.0,,0.0,,,,,,,,,,,,,,,,,,297.0,-295.0,0.0,3753.0,3656.0,3753.0,3753.0,,,,,532.0,532.0,-32720.0,-33685.0,,,-33685.0,,,,,,,,,,0.0,,,0.0,532.0,0.0,,532.0,-33685.0,783.0,783.0,,,-30797.0,8500.0,,,2574000.0,,,157978.0,-97.0,,,0.0,,,,,,,2574000.0,2574000.0,,,,
2018-11-30,2018-12-10,10-Q,TEMIR CORP.,TMRR,CIK0001685237,USD,,,,,,,,,28126.0,167.0,,668.0,,,,,,52.0,-2821.0,,,,,75000000.0,2574000.0,2574000.0,2574.0,,0.0,,,,,,,,,,,5503.0,0.0,,,,,4738.0,0.0,-4738.0,-4738.0,,,,,,,,,,,,,,,,,,,,,,,,,,,5503.0,668.0,,,,,,,1750.0,0.0,-4571.0,-4738.0,,4738.0,-4738.0,,,,,,,4738.0,,,,,,,1750.0,,,,-4738.0,616.0,,,,-35535.0,0.0,,,,,,-4835.0,-4835.0,,,,,,,,,,,2574000.0,2574000.0,,,
2019-02-28,2019-04-01,10-Q,TEMIR CORP.,TMRR,CIK0001685237,USD,,498.0,,,,,,,28126.0,,,520.0,,,,,,71.0,,,,,,75000000.0,2574000.0,2574000.0,2574.0,,0.0,,,,,,,,,,,8952.0,0.0,,,,,4095.0,0.0,,,,,,,,,,,,,,,,,,,,,,,,,,,,,9450.0,520.0,,,,,,,,,,-4095.0,,4095.0,-4095.0,,,,,,,4095.0,,,,,,,,,,,-4095.0,449.0,,,,-39630.0,0.0,,,0.0,,,-8930.0,-8930.0,,,,,,,,,,,2574000.0,2574000.0,,,
2019-05-31,2019-06-14,10-Q,TEMIR CORP.,TMRR,CIK0001685237,USD,,,,,,,,,28126.0,,,345.0,,,,,,63.0,,,,,,75000000.0,2574000.0,2574000.0,2574.0,,0.0,,,,,,,,,,,13151.0,0.0,,,,,3876.0,0.0,,,,,,,,,,,,,,,,,,,,,,,,,,,,,13151.0,345.0,,,,,,,,,,-3876.0,,3877.0,-3876.0,,,,,,,3877.0,,,,,,,,,,,-3876.0,282.0,,,,-43506.0,0.0,,,,,,-12806.0,-12806.0,,,,,,,,,,,2574000.0,2574000.0,,,
2019-08-31,2019-12-12,10-K,TEMIR CORP.,TMRR,CIK0001685237,USD,7564.0,,498.0,192.0,3298.0,14928.0,,444590.0,,,,85804.0,85612.0,,,,,10252.0,-2873.0,8707.0,250000.0,0.001,0.001,75000000.0,6692182.0,6692182.0,6692.0,,15966.0,,,,,79775.0,79775.0,302.0,52669.0,56317.0,,,-0.02,0.21,,,,193981.0,28426.0,,-136428.0,-136428.0,-14831.0,-15329.0,,643.0,,,15792.0,-1930.0,6139.0,,-28650.0,9292.0,,,,3298.0,643.0,,,-8120.0,6795.0,16410.0,,,,64897.0,85804.0,498.0,,2873.0,2681.0,192.0,,149928.0,11175.0,-141221.0,-137071.0,14928.0,,-165555.0,,,7564.0,,16712.0,29127.0,,16410.0,,,,16712.0,,-3753.0,,185269.0,,-137071.0,,,35341.0,,-430375.0,44392.0,,,,,,20907.0,,,,,,,,,,1016.0,,6692182.0,,,,
2019-11-30,2020-01-21,10-Q,TEMIR CORP.,TMRR,CIK0001685237,USD,,,498.0,,,3394.0,,43054.0,,,,,,,,,,1015.0,,-9237.0,,,0.001,75000000.0,2574000.0,2574000.0,2574.0,,,,,,,,,,,3394.0,,,0.0,0.21,,,,1381.0,10096.0,-3394.0,15510.0,15510.0,,,,,,,,-1544.0,,-698.0,3257.0,,,,,3029.0,,,,-575.0,-7564.0,-8205.0,,,,3892.0,,3892.0,,,,,,-22934.0,,13697.0,15510.0,,,8715.0,,,,,,6795.0,,,,,,,,,,6971.0,,15510.0,,,29905.0,,-49520.0,10096.0,,,,,,36417.0,,,,,,,,,-1015.0,,,6692182.0,,,,
2020-02-29,2020-03-26,10-Q,TEMIR CORP.,TMRR,CIK0001685237,USD,2498.0,,,,,4850.0,,43054.0,,-126610.0,,,,,,,,3500.0,,,,,0.001,75000000.0,2574000.0,2574000.0,2574.0,,,,,,,,,,,4850.0,,,-0.02,0.21,,,,126610.0,,,-119815.0,-119815.0,,,,,,,,,,5392.0,-25161.0,18754.0,,,,,,,,,,,,,,7348.0,,7348.0,,,,,,,,,-119815.0,,,-126610.0,,,,,,6795.0,,,,,,,,,,,,-3456.0,,,,,-52976.0,,,,,,,-83398.0,-83398.0,,,,,,,,1015.0,,,6692182.0,,,,
2020-05-31,2020-07-20,10-Q,TEMIR CORP.,TMRR,CIK0001685237,USD,2498.0,,,,,9519.0,,43054.0,,,,,,,,,,3847.0,,,,,0.001,75000000.0,2574000.0,2574000.0,2574.0,,,,,,,,,,,9519.0,,,-0.01,0.21,,,,63418.0,,,-63418.0,63418.0,,,,,,,,,,2854.0,13318.0,11603.0,,,,,,,,,,,,,,12017.0,,12017.0,,,,,,,,,-63418.0,,,-63418.0,,,,,,,,,,,,,,,,,,-4669.0,,,,,-57645.0,,,,,,,-146816.0,,,,,,,,,1139.0,,,6692182.0,,,,
2020-08-31,2020-12-15,10-K,TEMIR CORP.,TMRR,CIK0001685237,USD,16573.0,,2371.0,,,14202.0,,444590.0,,,,2882.0,2882.0,,,,,2580.0,,-7672.0,,0.001,0.001,75000000.0,6692182.0,6692182.0,6692.0,,2371.0,,,,98401.0,98401.0,98401.0,302.0,,56317.0,56317.0,,-0.04,0.21,,1.0,,299474.0,24260.0,,-265727.0,265727.0,,,,-634.0,,,41130.0,-1444.0,10329.0,10329.0,55803.0,7602.0,-634.0,,,-3298.0,-634.0,,,-2873.0,9008.0,-16410.0,,,,247068.0,2882.0,,,,,,,226466.0,,-234138.0,-265093.0,,,-275214.0,,,16573.0,56317.0,302.0,9487.0,,,,,,302.0,,,,661643.0,,-265093.0,,,435177.0,,-695468.0,26631.0,,,,,,-244186.0,,,1.0,,,,,,1814.0,382.0,,6692182.0,,,,
2020-11-30,2021-01-19,10-Q,TEMIR CORP.,TMRR,CIK0001685237,USD,17321.0,,6574.0,,461.0,10747.0,18000.0,444590.0,,,,16475.0,,,,,,15712.0,,13132.0,,,0.001,75000000.0,6692182.0,6692182.0,6692.0,,11763.0,,,,,98401.0,98401.0,,,74317.0,74317.0,,-0.01,0.21,,1.0,,62891.0,619.0,,-62272.0,-62272.0,,,,88.0,88.0,,,,,1193.0,13077.0,11972.0,,,,461.0,88.0,,18000.0,,748.0,,,,,323021.0,16475.0,,,,,,,57117.0,,-43985.0,-62360.0,,,-62272.0,18000.0,,,56317.0,302.0,,,,,,,302.0,,,,300583.0,,-62360.0,,,243466.0,,-757828.0,12382.0,,,,,,-306546.0,,,1.0,,,,,,,470.0,,6692182.0,,,-0.01,
2021-02-28,2021-04-19,10-Q,TEMIR CORP.,TMRR,CIK0001685237,USD,34363.0,,22589.0,,16152.0,11774.0,,444590.0,,-39668.0,,21064.0,,,,,,2036.0,,,,,0.001,75000000.0,6692182.0,6692182.0,6692.0,,68991.0,,,,,98401.0,98401.0,,,91195.0,91195.0,,-0.01,0.21,,1.0,,39668.0,2411.0,,-36292.0,-36292.0,,,,314.0,,,,-37.0,,740.0,-7621.0,7232.0,,,,,,,,,,,,,,364216.0,21064.0,,,,,,,,,,-36606.0,,,-37257.0,,36000.0,,,302.0,965.0,,,,,,302.0,,,,,,,,,,,-794434.0,71402.0,,,,,,-343152.0,-343152.0,,,,,,,,,,,6692182.0,,,,
2021-05-31,2021-07-20,10-Q,TEMIR CORP.,TMRR,CIK0001685237,USD,20123.0,,7481.0,,,12642.0,,444590.0,,,,7989.0,7988.0,,,,,4711.0,,,,,0.001,75000000.0,6692182.0,6692182.0,6692.0,,33113.0,,,,100153.0,100153.0,1752.0,,,131031.0,131031.0,,-0.01,0.21,,1.0,,44110.0,3363.0,,-40747.0,40747.0,,,,-402.0,,,,,,1044.0,8557.0,5359.0,,,,,,,,,,,,,,391486.0,7989.0,,,,,,1.0,,,,-40345.0,,,-40747.0,,18000.0,,,302.0,,,,,,,302.0,,,,,,,,,,,-834779.0,36476.0,,,,2.5,,-383497.0,,,,,,,,,,,,6692182.0,,,,
2021-08-31,2021-12-14,10-K,TEMIR CORP.,TMRR,CIK0001685237,USD,82849.0,,45239.0,,40898.0,37610.0,72000.0,444590.0,,,,51909.0,51908.0,,,,,9727.0,,7147.0,,,0.001,75000000.0,6692182.0,6692182.0,6692.0,,205923.0,,,,110066.0,110066.0,,,,163988.0,163988.0,,-0.04,0.21,,,,283315.0,13779.0,,-266862.0,266862.0,,,1.0,,,,11665.0,-169.0,,6838.0,56041.0,37707.0,,,,40898.0,-1363.0,,118056.0,,66276.0,,,,,562957.0,51909.0,,,,,,1.0,131938.0,,-124791.0,-266862.0,,,-269536.0,72000.0,,,91988.0,302.0,2674.0,,,,,,302.0,,,,393334.0,,,,,251011.0,,-962330.0,219702.0,1874508.0,,,2.5,72000.0,-511048.0,,20000000.0,,,20000000.0,,,-20000000.0,,,,6890972.0,,24747.0,,
2021-11-30,2022-01-19,10-Q,TEMIR CORP.,TMRR,CIK0001685237,USD,61122.0,,50923.0,,21936.0,10199.0,90000.0,444590.0,,,,52885.0,52884.0,,,,,29665.0,,19938.0,,,0.001,75000000.0,6692182.0,6692182.0,6692.0,,65977.0,,,,109843.0,109843.0,,,,214891.0,214891.0,,0.0,0.21,,1.0,,35466.0,3656.0,,-31810.0,,,,,,,,,,,972.0,6680.0,5931.0,,,,-18962.0,,,32565.0,,-21727.0,,,,,595743.0,52885.0,,,,,,1.0,21948.0,,-2010.0,-31810.0,,,-31810.0,18000.0,,,124891.0,302.0,,,,,,,302.0,,,,3610.0,,,,,,,-994140.0,69633.0,1874508.0,,,2.5,54000.0,-542858.0,,,1.0,,,,,,223.0,,,6692182.0,,50923.0,0.0,25389.0
