end,filed,form,Name,Ticker,CIK,Currency,AccountsPayableAndAccruedLiabilitiesCurrent,AccountsPayableCurrent,AccountsPayableRelatedPartiesCurrent,AccountsReceivableNoncurrentAccruedInterestWriteoff,AdditionalPaidInCapital,AdjustmentsToAdditionalPaidInCapitalIncreaseInCarryingAmountOfRedeemablePreferredStock,AdjustmentsToAdditionalPaidInCapitalStockIssuedOwnshareLendingArrangementIssuanceCosts,AdjustmentsToAdditionalPaidInCapitalStockSplit,AllocatedShareBasedCompensationExpense,AmortizationOfDebtDiscountPremium,AmortizationOfFinancingCosts,AmortizationOfFinancingCostsAndDiscounts,AssetImpairmentCharges,Assets,AssetsCurrent,Cash,CashAndCashEquivalentsAtCarryingValue,CashAndCashEquivalentsPeriodIncreaseDecrease,CashEquivalentsAtCarryingValue,CommonStockParOrStatedValuePerShare,CommonStockSharesAuthorized,CommonStockSharesIssued,CommonStockSharesOutstanding,CommonStockValue,CommonStockValueOutstanding,ConvertibleNotesPayable,CostOfRevenue,CostsAndExpenses,DebtConversionConvertedInstrumentAmount1,DebtConversionConvertedInstrumentSharesIssued1,DebtInstrumentCarryingAmount,DebtInstrumentUnamortizedDiscountPremiumNet,DeferredFinanceCostsCurrentNet,DeferredFinanceCostsNet,DeferredTaxAssetsGross,DeferredTaxAssetsOperatingLossCarryforwards,DeferredTaxAssetsTaxDeferredExpense,DeferredTaxAssetsValuationAllowance,Depreciation,DerivativeGainLossOnDerivativeNet,DerivativeLiabilitiesCurrent,DevelopmentStageEnterpriseDeficitAccumulatedDuringDevelopmentStage,EarningsPerShareBasicAndDiluted,ExplorationExpense,ExplorationExpenseMining,ExtinguishmentOfDebtGainLossNetOfTax,FairValueNetDerivativeAssetLiabilityMeasuredOnRecurringBasisChangeInUnrealizedGainLoss,GainsLossesOnExtinguishmentOfDebt,GeneralAndAdministrativeExpense,GrossProfit,IncomeLossFromContinuingOperationsBeforeIncomeTaxesDomestic,IncomeLossFromContinuingOperationsBeforeIncomeTaxesExtraordinaryItemsNoncontrollingInterest,IncomeTaxExpenseBenefit,IncomeTaxesPaidNet,IncreaseDecreaseInAccountsPayable,IncreaseDecreaseInAccountsPayableAndAccruedLiabilities,IncreaseDecreaseInAccountsPayableRelatedParties,IncreaseDecreaseInAccruedLiabilities,IncreaseDecreaseInInterestPayableNet,IncreaseDecreaseInPrepaidExpense,InterestExpense,InterestExpenseShortTermBorrowings,InterestPaid,InterestPayableCurrent,InterestPayableCurrentAndNoncurrent,Liabilities,LiabilitiesAndStockholdersEquity,LiabilitiesCurrent,NetCashProvidedByUsedInFinancingActivities,NetCashProvidedByUsedInInvestingActivities,NetCashProvidedByUsedInOperatingActivities,NetIncomeLoss,NoncashOrPartNoncashAcquisitionFixedAssetsAcquired1,NonoperatingIncomeExpense,NotesAndLoansReceivableNetCurrent,NotesPayableCurrent,NotesReduction,OperatingExpenses,OperatingIncomeLoss,OperatingLossCarryforwards,OtherAmortizationOfDeferredCharges,OtherNonoperatingIncomeExpense,OtherSignificantNoncashTransactionValueOfConsiderationReceived1,PaymentsOfFinancingCosts,PaymentsToAcquireLoansReceivable,PaymentsToAcquireMineralRights,PaymentsToAcquirePropertyPlantAndEquipment,PreferredStockSharesOutstanding,PreferredStockValue,PrepaidExpenseAndOtherAssets,PrepaidExpenseCurrent,ProceedsFromConvertibleDebt,ProceedsFromIssuanceOfCommonStock,ProceedsFromRelatedPartyDebt,ProceedsFromSaleOfLoansReceivable,ProceedsFromShortTermDebt,ProfessionalFees,ProfitLoss,RetainedEarningsAccumulatedDeficit,Revenues,SaleOfStockPricePerShare,ShareBasedCompensation,SharesIssued,ShortTermBorrowings,StockholdersEquity,StockholdersEquityIncludingPortionAttributableToNoncontrollingInterest,StockIssued1,StockIssuedDuringPeriodSharesPurchaseOfAssets,StockIssuedDuringPeriodValueAcquisitions,StockIssuedDuringPeriodValueIssuedForServices,StockIssuedDuringPeriodValueNewIssues,StockIssuedDuringPeriodValueOther,StockIssuedDuringPeriodValuePurchaseOfAssets,SubsidiaryOrEquityMethodInvesteeCumulativePercentageOwnershipAfterAllTransactions,TreasuryStockSharesAcquired,ValuationAllowanceAmount,WeightedAverageNumberOfDilutedSharesOutstanding
2008-08-31,2008-12-10,10-K,NEW AMERICA ENERGY CORP.,NECA,CIK0001373853,USD,,,,,,,,,,,,,,,,,,,,,,,,,,,,,,,,,,,,,,,,,,,,,,,,,,,,,,,,,,,,,,,,,,,,,,,,-9000.0,,,,,,,,9000.0,,,,,,,,,,,,,,,,,,,,,,,,,-34985.0,,,,,,,,,,,,
2009-08-31,2009-11-30,10-K,NEW AMERICA ENERGY CORP.,NECA,CIK0001373853,USD,,,,,,,,,,,,,,,,,,,,,,,,,,,,,,,,,,,,,,,,,,,,,,,,,,,,,,,,,,,,,,,,,,,,,,,,-10000.0,,,,,,,,10000.0,,,,,,,,,,,,,,,,,,,,,,,,,-44985.0,,,,,,,,,,,,
2010-08-31,2010-12-02,10-K,NEW AMERICA ENERGY CORP.,NECA,CIK0001373853,USD,,,,,,,,,,,,,,,,,,,,,,,,,,,,,,,,,,,,,,,,,,,,,,,,,,,,,,,,,,,,,,,,,,,,,,,,-10842.0,,,,,,,,10842.0,,,,,,,,,,,,,,,,,,,,,,,,,-55827.0,,,,,,,,,,,,
2010-11-30,2011-01-13,10-Q,NEW AMERICA ENERGY CORP.,NECA,CIK0001373853,USD,,,,,,,,,,,,,,,,,,,,,,,,,,,,2787.0,,,,,,,,,,,,,,,0.0,,,,,,287.0,,,,,,,2787.0,,,,,,,,,,,,,,,,-2787.0,,,,,,,,,,,,,,,,,,,,,,,,,,,,,,,,,,,,,,,,,,,,,53750000.0
2011-02-28,2011-04-19,10-Q,NEW AMERICA ENERGY CORP.,NECA,CIK0001373853,USD,,,,,,,,,,,,,360000.0,,,,35248.0,,,,,,,,,,,390515.0,,,,,,,,,,,,,,,-0.01,,,,,,1167.0,,,,,,,,,,,,,,,,,,,,,,,-390515.0,,,,,,,,,,,,,,,,,,,,,,,,,21848.0,,,,,,,,,,,,,,,,,,,,50492222.0
2011-05-31,2011-07-14,10-Q,NEW AMERICA ENERGY CORP.,NECA,CIK0001373853,USD,,,,,,,,,,,,,75000.0,,,,14741.0,,,,,,,,,,,93421.0,,,,,,,,,,,,,,,0.0,,,,,,983.0,,,,,,,,,,,,,,,,,,,,,,,-93421.0,,,,,,,-93421.0,,,,,,,,,,,,,,,,,,9938.0,,,0.0,,,,,,,,,,,,,,,,,50150000.0
2011-08-31,2011-12-14,10-K,NEW AMERICA ENERGY CORP.,NECA,CIK0001373853,USD,11209.0,11209.0,1000.0,,747827.0,,,0.0,,,,,610000.0,19992.0,,,19992.0,19992.0,19992.0,0.001,75000000.0,51000000.0,,,51000.0,,,692217.0,,,,,,,235353.0,,,,,,,791044.0,-0.01,3466.0,,,,54985.0,13893.0,,-692217.0,,,,,12209.0,,,,,,,,0.0,,12209.0,19992.0,,225000.0,-135000.0,-70008.0,-692217.0,,,,,,,-692217.0,692217.0,,,,,,135000.0,,,,,,,225000.0,,,,39858.0,,,,,,,,7783.0,,,,475000.0,,,,,,,-235353.0,51316027.0
2011-11-30,2011-12-27,10-Q,NEW AMERICA ENERGY CORP.,NECA,CIK0001373853,USD,23694.0,,1000.0,,822577.0,,,,,,,,75000.0,549.0,,,549.0,-19443.0,,0.001,75000000.0,51250000.0,,,51250.0,,,106928.0,,,,,,,,,,,,,,897972.0,0.0,,,,,,12456.0,,,,,,,12485.0,,,,,,,,,,24694.0,549.0,,,,-19443.0,-106928.0,,,,,,,-106928.0,,,,,,,,,,,,,,,,,,11972.0,,,,,,,,-24145.0,,,,75000.0,,,,,,,,51093407.0
2012-02-29,2012-04-16,10-Q,NEW AMERICA ENERGY CORP.,NECA,CIK0001373853,USD,,4125.0,3500.0,,1050715.0,,,,,,,,,42263.0,,,42263.0,,,0.001,75000000.0,51912133.0,,,51912.0,,,170017.0,,,,,,,,,,,,,,1067989.0,0.0,,104823.0,,,,20150.0,,,,,,,,,,,,,,,,,7625.0,42263.0,,,,,-170017.0,,,,,,,-170017.0,,,,,,,,,,,,,,,,,,36044.0,,,,,,,,34638.0,,,,,,,,,,,,51655252.0
2012-05-31,2012-07-16,10-Q,NEW AMERICA ENERGY CORP.,NECA,CIK0001373853,USD,,5662.0,,,1053985.0,,,,,,,,,170237.0,,,170237.0,,,0.001,75000000.0,51942133.0,,,51942.0,,,52663.0,,,,,,,,,,,,,,1141352.0,0.0,,,,,,22010.0,,,,,,,,,,,,,20700.0,,,,205662.0,170237.0,,,,,-73363.0,,,,,,,-52663.0,,,,,,,,,,,,,,,,,,18653.0,,,0.0,,,,200000.0,-35425.0,,,,,,,,,,,,51923872.0
2012-08-31,2012-12-14,10-K,NEW AMERICA ENERGY CORP.,NECA,CIK0001373853,USD,9221.0,,,,1083235.0,,,,,,17609.0,17609.0,130000.0,80807.0,,,78416.0,58424.0,78416.0,0.001,800000000.0,52692133.0,,,52692.0,,,455688.0,,,,,2391.0,,161500.0,1266041.0,430454.0,430454.0,,,,1266041.0,-0.01,,122848.0,,,,83720.0,,-474997.0,,,,,-2988.0,,1700.0,,,,1700.0,,1700.0,,210921.0,80807.0,,380000.0,-25000.0,-296576.0,-474997.0,,,,,,,-455688.0,474997.0,,-19309.0,,20000.0,,25000.0,,,,,,,200000.0,,,200000.0,74120.0,,,,,,,200000.0,-130114.0,-130114.0,,,105000.0,,200000.0,32100.0,,,,-161500.0,51798635.0
2012-11-30,2013-01-22,10-Q,NEW AMERICA ENERGY CORP.,NECA,CIK0001373853,USD,3634.0,,3000.0,,1096115.0,,,,,,2391.0,2391.0,,23133.0,,,23133.0,-55283.0,,0.001,75000000.0,53312133.0,,,53312.0,,,66196.0,,,,,,,23600.0,1335628.0,454113.0,454113.0,,,,1335628.0,0.0,,,,,,24644.0,,,,,,,-2587.0,,1000.0,,,,1000.0,,2700.0,,209334.0,23133.0,,13500.0,,-68783.0,-69587.0,,,,,,,-66196.0,69587.0,,-3391.0,,,,,,,,,,,13500.0,,,,25052.0,,,,,,,200000.0,-186201.0,,,,,,,,,,,-23600.0,53100924.0
2013-02-28,2013-04-15,10-Q,NEW AMERICA ENERGY CORP.,NECA,CIK0001373853,USD,15917.0,,7500.0,,1096115.0,,,,,,,,,3603.0,,,103.0,,,0.001,800000000.0,53312133.0,,,53312.0,,,36313.0,,,,,,,36340.0,1372941.0,466800.0,-466800.0,,,,1372941.0,0.0,,,,,,14069.0,,,,,,,,,,,,,1000.0,,3700.0,,227117.0,3603.0,,,,,-37313.0,,,,,,,-36313.0,106900.0,,-1000.0,,,,,,,,3500.0,3500.0,,,,,,5744.0,,,,,,,200000.0,-223514.0,,,,,,,,,,,-36340.0,53312133.0
2013-05-31,2013-07-15,10-Q,NEW AMERICA ENERGY CORP.,NECA,CIK0001373853,USD,23567.0,,20681.0,,1096115.0,,,,,,,,,62.0,,,62.0,,,0.001,800000000.0,53312133.0,,,53312.0,,,,,,,,,,45750.0,1400626.0,454113.0,476213.0,,,,1400626.0,,,,,,,,,,,,,,,,,,,,,,4728.0,,251261.0,62.0,,,,,,,,,,,,,134585.0,,,,,,,,,,,,,,,,,,,,,,,,202285.0,-251199.0,,,,,,,,,,,-45750.0,
2015-08-31,2021-04-27,10-K,NEW AMERICA ENERGY CORP.,NECA,CIK0001373853,USD,,115318.0,20681.0,3405.0,1315194.0,,,,0.0,181306.0,0.0,114596.0,,1115.0,1115.0,1115.0,1115.0,-4473.0,,0.001,800000000.0,500850385.0,500850385.0,500850.0,,443655.0,0.0,,,,502349.0,58694.0,,20000.0,95804.0,314769.0,,95804.0,1220.0,134733.0,463374.0,,,,,0.0,148312.0,0.0,131173.0,0.0,,-320125.0,0.0,0.0,1750.0,,0.0,,38829.0,,155958.0,,0.0,,83553.0,1221951.0,1115.0,1221951.0,124950.0,-6576.0,-122847.0,-320125.0,0.0,-188952.0,0.0,95370.0,0.0,131173.0,-131173.0,1401716.0,172470.0,,0.0,,3240.0,,3678.0,51.0,0.0,,,124950.0,0.0,0.0,342.0,,32100.0,-320125.0,-3036880.0,0.0,,0.0,,,-1220836.0,-1220836.0,0.0,,,,,,0.0,,,,
