end,filed,form,Name,Ticker,CIK,Currency,AccountsPayableAndAccruedLiabilitiesCurrent,AccountsPayableOtherCurrent,AccountsReceivableNetCurrent,AccruedRoyaltiesCurrent,AdditionalPaidInCapital,AdjustmentsToAdditionalPaidInCapitalSharebasedCompensationRequisiteServicePeriodRecognitionValue,AllocatedShareBasedCompensationExpense,Assets,AssetsCurrent,AssetsNoncurrent,Cash,CashAndCashEquivalentsAtCarryingValue,CashAndCashEquivalentsPeriodIncreaseDecrease,CashCashEquivalentsRestrictedCashAndRestrictedCashEquivalentsIncludingDisposalGroupAndDiscontinuedOperations,CashCashEquivalentsRestrictedCashAndRestrictedCashEquivalentsPeriodIncreaseDecreaseIncludingExchangeRateEffect,CashEquivalentsAtCarryingValue,CashFDICInsuredAmount,CashUninsuredAmount,ClassOfWarrantOrRightExercisePriceOfWarrantsOrRights1,ClassOfWarrantOrRightNumberOfSecuritiesCalledByEachWarrantOrRight,ClassOfWarrantOrRightNumberOfSecuritiesCalledByWarrantsOrRights,ClassOfWarrantOrRightOutstanding,CommonStockParOrStatedValuePerShare,CommonStockSharesAuthorized,CommonStockSharesIssued,CommonStockSharesOutstanding,CommonStockValue,ConvertiblePreferredStockSharesIssuedUponConversion,CostsAndExpenses,DebtInstrumentFaceAmount,DebtInstrumentInterestRateStatedPercentage,DeferredOfferingCosts,DepositsAssetsNoncurrent,Depreciation,EarningsPerShareBasicAndDiluted,EffectiveIncomeTaxRateContinuingOperations,EffectiveIncomeTaxRateReconciliationAtFederalStatutoryIncomeTaxRate,EffectiveIncomeTaxRateReconciliationChangeInDeferredTaxAssetsValuationAllowance,EmployeeServiceShareBasedCompensationNonvestedAwardsTotalCompensationCostNotYetRecognizedStockOptions,ExtinguishmentOfDebtAmount,FairValueAdjustmentOfWarrants,FiniteLivedIntangibleAssetsPeriodIncreaseDecrease,GeneralAndAdministrativeExpense,ImpairmentOfLongLivedAssetsHeldForUse,IncomeTaxExpenseBenefit,IncomeTaxesPaid,IncreaseDecreaseInAccountsPayableAndAccruedLiabilities,IncreaseDecreaseInAccountsReceivable,IncreaseDecreaseInDeferredCharges,IncreaseDecreaseInDepositOtherAssets,IncreaseDecreaseInDeposits,IncreaseDecreaseInOtherCurrentLiabilities,IncreaseDecreaseInPrepaidDeferredExpenseAndOtherAssets,IntangibleAssetsNetExcludingGoodwill,InterestExpense,InterestPaidNet,InvestmentIncomeInterest,LegalFees,LiabilitiesAndStockholdersEquity,LiabilitiesCurrent,NetCashProvidedByUsedInFinancingActivities,NetCashProvidedByUsedInInvestingActivities,NetCashProvidedByUsedInOperatingActivities,NetIncomeLoss,NonoperatingIncomeExpense,NotesPayableRelatedPartiesClassifiedCurrent,OperatingIncomeLoss,OperatingLossCarryforwards,OtherAssetsNoncurrent,OtherCommitment,OtherExpenses,OtherLiabilitiesCurrent,PaymentForContingentConsiderationLiabilityOperatingActivities,PaymentsForRoyalties,PaymentsToAcquireIntangibleAssets,PaymentsToAcquirePropertyPlantAndEquipment,PreferredStockParOrStatedValuePerShare,PreferredStockSharesAuthorized,PreferredStockSharesIssued,PreferredStockSharesOutstanding,PreferredStockValue,PrepaidExpenseAndOtherAssetsCurrent,ProceedsFromIssuanceOfCommonStock,ProceedsFromIssuanceOfPreferredStockAndPreferenceStock,ProceedsFromRelatedPartyDebt,ProceedsFromWarrantExercises,ProfitLoss,PropertyPlantAndEquipmentNet,ReceivablesNetCurrent,RepaymentsOfNotesPayable,ResearchAndDevelopmentExpense,RetainedEarningsAccumulatedDeficit,Revenues,SaleOfStockPricePerShare,ShareBasedCompensation,ShareBasedCompensationArrangementByShareBasedPaymentAwardAcceleratedCompensationCost,ShareBasedCompensationArrangementByShareBasedPaymentAwardFairValueAssumptionsExpectedDividendRate,ShareBasedCompensationArrangementByShareBasedPaymentAwardFairValueAssumptionsExpectedVolatilityRate,ShareBasedCompensationArrangementByShareBasedPaymentAwardFairValueAssumptionsRiskFreeInterestRateMaximum,ShareBasedCompensationArrangementByShareBasedPaymentAwardFairValueAssumptionsRiskFreeInterestRateMinimum,ShareBasedCompensationArrangementByShareBasedPaymentAwardOptionsExercisableNumber,ShareBasedCompensationArrangementByShareBasedPaymentAwardOptionsExercisableWeightedAverageExercisePrice,ShareBasedCompensationArrangementByShareBasedPaymentAwardOptionsExpirationsInPeriod,ShareBasedCompensationArrangementByShareBasedPaymentAwardOptionsForfeituresAndExpirationsInPeriod,ShareBasedCompensationArrangementByShareBasedPaymentAwardOptionsForfeituresAndExpirationsInPeriodWeightedAverageExercisePrice,ShareBasedCompensationArrangementByShareBasedPaymentAwardOptionsGrantsInPeriodGross,ShareBasedCompensationArrangementByShareBasedPaymentAwardOptionsOutstandingNumber,ShareBasedCompensationArrangementByShareBasedPaymentAwardOptionsOutstandingWeightedAverageExercisePrice,ShareBasedCompensationArrangementByShareBasedPaymentAwardOptionsVestedAndExpectedToVestOutstandingNumber,ShareBasedCompensationArrangementByShareBasedPaymentAwardOptionsVestedAndExpectedToVestOutstandingWeightedAverageExercisePrice,ShareBasedCompensationArrangementsByShareBasedPaymentAwardOptionsExercisesInPeriodWeightedAverageExercisePrice,ShareBasedCompensationArrangementsByShareBasedPaymentAwardOptionsGrantsInPeriodWeightedAverageExercisePrice,SharebasedCompensationArrangementBySharebasedPaymentAwardPurchasePriceOfCommonStockPercent,StockholdersEquity,StockholdersEquityNoteStockSplitConversionRatio1,StockIssuedDuringPeriodSharesIssuedForServices,StockIssuedDuringPeriodSharesNewIssues,StockIssuedDuringPeriodSharesStockOptionsExercised,StockIssuedDuringPeriodValueIssuedForServices,StockIssuedDuringPeriodValueNewIssues,StockIssuedDuringPeriodValueStockOptionsExercised,WeightedAverageNumberOfShareOutstandingBasicAndDiluted
2017-09-30,2017-11-27,10-Q,"GENPREX, INC.",GNPX,CIK0001595248,USD,363077.0,,,,17655553.0,,,1266781.0,400757.0,857191.0,373945.0,373946.0,,,,,250000.0,118950.0,0.001,,,,0.001,5500000.0,353676.0,353676.0,355.0,,715122.0,4500000.0,0.08,559810.0,0.0,808.0,-0.06,,,,,,,,658797.0,,0.0,,,,,,,,,297381.0,0.0,,24.0,,1266781.0,395257.0,,,,-715098.0,,,-715122.0,,,191393.0,,32180.0,,,,,0.001,4500000.0,,,,26812.0,,,,,,8833.0,,,55517.0,-16785779.0,0.0,,,,,,,,,,,,,,393280.0,,,,,,,871524.0,,,,,,,,11634307.0
2017-12-31,2018-04-17,10-K,"GENPREX, INC.",GNPX,CIK0001595248,USD,629074.0,,,,17869205.0,228662.0,,1259538.0,193574.0,,161251.0,161251.0,-1441044.0,161251.0,-1441044.0,0.0,250000.0,0.0,5.17,,,748060.0,0.001,200000000.0,11721584.0,11721584.0,11721.0,150211.0,3312347.0,4500000.0,0.08,759591.0,0.0,3242.0,-0.29,0.0,0.34,-0.34,,,0.0,,3019171.0,0.0,,,545303.0,663.0,734084.0,,0.0,,-4873.0,298569.0,1890.0,,80.0,,1259538.0,830964.0,793971.0,-63421.0,-2171594.0,-3314157.0,-1810.0,201890.0,-3312347.0,8000000.0,1058160.0,191393.0,,201890.0,,,57532.0,5889.0,0.001,10000000.0,,,,23479.0,793971.0,,,,-3314157.0,7804.0,8844.0,,289934.0,-17452352.0,0.0,,1323892.0,,,,,,,,0.0,,,0.0,2628749.0,1.31,,,,0.0,,428574.0,6.6842,207206.0,,,1095230.0,793971.0,,11500032.0
2018-03-31,2018-05-15,10-Q,"GENPREX, INC.",GNPX,CIK0001595248,USD,1149008.0,,,,18092682.0,46861.0,,1386381.0,58397.0,,24485.0,24485.0,-136766.0,24485.0,-136766.0,0.0,250000.0,0.0,0.001,,,,0.001,200000000.0,11755004.0,11755004.0,11755.0,,686631.0,4500000.0,0.08,1012106.0,,947.0,-0.06,0.0,0.34,-0.34,,,0.0,,634063.0,0.0,,0.0,519934.0,-8006.0,252515.0,,0.0,0.0,9595.0,307552.0,7398.0,0.0,28.0,,1386381.0,1428296.0,77398.0,-10452.0,-203712.0,-694001.0,,279288.0,-686631.0,,1319658.0,191393.0,,,,,8983.0,1469.0,0.001,10000000.0,,0.0,,33074.0,,,77398.0,,-694001.0,8326.0,838.0,,51621.0,-18146352.0,0.0,,223512.0,,,,,,,,,,,,2628749.0,1.31,,,,,,-41915.0,6.6842,33420.0,,,176650.0,,,11738294.0
2018-06-30,2018-08-14,10-Q,"GENPREX, INC.",GNPX,CIK0001595248,USD,300537.0,,,,36784040.0,3127563.0,,12890910.0,12540151.0,,12001535.0,12001535.0,,12001535.0,,0.0,250000.0,11751535.0,0.001,,,,0.001,200000000.0,13896926.0,13896926.0,13897.0,,6036090.0,4500000.0,0.08,0.0,13411.0,1171.0,-0.45,,,,,,,,5921950.0,,,,,,,,,,,323139.0,30584.0,,5461.0,,12890910.0,300537.0,,,,-6061213.0,,0.0,-6036090.0,,336550.0,191393.0,,,,,,,0.001,10000000.0,,0.0,,538616.0,,,,,,14209.0,0.0,,112969.0,-24207564.0,0.0,,,,,,,,,,,,,,3707366.0,3.78,,,,,,12590373.0,,,,,176650.0,15389288.0,,13507942.0
2018-09-30,2018-11-14,10-Q,"GENPREX, INC.",GNPX,CIK0001595248,USD,565393.0,,,,36862510.0,79647.0,,11049327.0,10689270.0,,10309704.0,10309704.0,,10309704.0,,0.0,250000.0,10059704.0,0.001,,,,0.001,200000000.0,15072559.0,15072559.0,15073.0,,2197278.0,4500000.0,0.08,0.0,18085.0,1713.0,-0.15,,,,,,,,1705876.0,,,,,,,,,,,325982.0,0.0,,11192.0,,11049327.0,565393.0,,,,-2186086.0,,0.0,-2197278.0,,344067.0,,,,,,,,0.001,10000000.0,,0.0,,370409.0,,,,,,15990.0,9157.0,,489689.0,-26393649.0,0.0,,,,,,,,,,,,,,3579773.0,3.62,,,,,,10483934.0,,,,,,,,14675631.0
2018-12-31,2019-04-01,10-K,"GENPREX, INC.",GNPX,CIK0001595248,USD,295069.0,,,,38690586.0,4882079.0,,9268956.0,8847066.0,,8600918.0,,,8600918.0,8439667.0,0.0,250000.0,8465768.0,2.36,,,3864552.0,0.001,200000000.0,15239148.0,15239148.0,15240.0,,12363541.0,4500000.0,0.08,,18085.0,5885.0,-0.9,0.0,0.21,-0.21,4500000.0,,0.0,,11386229.0,0.0,,,-443143.0,453.0,-759591.0,18085.0,-18085.0,,213372.0,379451.0,37982.0,,29184.0,,9268956.0,387821.0,15389518.0,-103317.0,-6846534.0,-12372339.0,-8798.0,,-12363541.0,9600000.0,397536.0,,,92752.0,,,80882.0,22435.0,0.001,10000000.0,0.0,0.0,,236851.0,15389518.0,,,,-12372339.0,24354.0,9297.0,,971427.0,-29824691.0,0.0,,5435382.0,,,,,,,,127593.0,127593.0,,2034525.0,4535681.0,3.31,,,,6.21,,8881135.0,6.6842,200009.0,,,553303.0,15389518.0,,13771020.0
2019-03-31,2019-05-15,10-Q,"GENPREX, INC.",GNPX,CIK0001595248,USD,206251.0,,,,39213286.0,330626.0,,7476392.0,7046052.0,,6945794.0,,,6945794.0,-1655124.0,0.0,250000.0,6695367.0,0.001,,,,0.001,200000000.0,15560765.0,15560765.0,15562.0,,2170769.0,4500000.0,0.08,,16135.0,2931.0,-0.14,0.0,0.21,-0.21,,,0.0,,1659796.0,0.0,,0.0,-88818.0,-9297.0,0.0,-1950.0,1950.0,-67922.0,-136593.0,388671.0,0.0,0.0,11923.0,,7476392.0,231081.0,0.0,-13331.0,-1641793.0,-2158846.0,,,-2170769.0,,404806.0,,,24830.0,,,9220.0,4111.0,0.001,10000000.0,,0.0,,100258.0,,,0.0,,-2158846.0,25534.0,0.0,,508042.0,-31983537.0,0.0,,523022.0,,,,,,,,91813.0,,,1461715.0,5905583.0,2.94,,,,1.6,,7245311.0,6.6842,121617.0,,,192396.0,200.0,,15335772.0
2019-06-30,2019-08-13,10-Q,"GENPREX, INC.",GNPX,CIK0001595248,USD,877302.0,,,,40988042.0,1615896.0,,6263832.0,5801859.0,,4496542.0,,,4496542.0,,0.0,,4266759.0,4.6,,,3864551.0,0.001,200000000.0,15802855.0,15802855.0,15803.0,,3703886.0,,,,16135.0,3118.0,-0.24,,,,,,,,3198728.0,,,,,,,,,,,421473.0,,,8646.0,,6263832.0,938764.0,,,,-3695240.0,,,-3703886.0,,437608.0,,,61462.0,,,,,0.001,10000000.0,0.0,0.0,,445870.0,,,,,,24365.0,10741.0,,502040.0,-35678777.0,,,,,,,,,,,,,,,5905583.0,2.94,,,,,,5325068.0,,,,,159101.0,,,15622866.0
2019-09-30,2019-11-14,10-Q,"GENPREX, INC.",GNPX,CIK0001595248,USD,475048.0,,,,41569745.0,540808.0,,4068330.0,3608928.0,,2548434.0,,,2548433.0,,0.0,,2366206.0,4.6,,,3864552.0,0.001,200000000.0,15842855.0,15842855.0,15843.0,,2380763.0,,,,11732.0,3437.0,-0.15,,,,,,,,1909982.0,,,,,,,,,,,423923.0,,,5051.0,,4068330.0,537232.0,,,,-2375712.0,,,-2380763.0,,435655.0,,,62184.0,,,,,0.001,10000000.0,0.0,0.0,,258714.0,,,,,,23747.0,,,467344.0,-38054490.0,,,,,,,,,,,,,,,5905583.0,2.94,,,,,,3531099.0,,,,,40935.0,,,15831822.0
2019-12-31,2020-03-30,10-K,"GENPREX, INC.",GNPX,CIK0001595248,USD,436258.0,,,,43483740.0,3060396.0,3500000.0,3534229.0,2976643.0,,2002492.0,,,2002492.0,-6598426.0,0.0,,1761278.0,1.45,,,7476056.0,0.001,200000000.0,19263841.0,19263841.0,19264.0,,10682673.0,,,,21732.0,13070.0,-0.66,0.0,0.21,-0.21,5300000.0,,0.0,,8702596.0,0.0,,,141189.0,-8642.0,,3647.0,,-18326.0,-65135.0,491200.0,,,27905.0,,3534229.0,510684.0,1267194.0,-946899.0,-6918721.0,-10654768.0,,,-10682673.0,16500000.0,512932.0,,,74426.0,,,111749.0,33370.0,0.001,10000000.0,0.0,0.0,,171716.0,1267194.0,,,,,44654.0,655.0,,1967007.0,-40479459.0,,,3529984.0,,0.0,,,,,,297058.0,297058.0,,1744300.0,5982923.0,2.66,,,,1.48,,3023545.0,,506707.0,,,469588.0,,,16026980.0
2020-03-31,2020-05-14,10-Q,"GENPREX, INC.",GNPX,CIK0001595248,USD,638392.0,,,,69955788.0,752444.0,750000.0,24640185.0,24031796.0,,23079591.0,,,23079591.0,21077099.0,0.0,,22829591.0,1.45,,,7476056.0,0.001,200000000.0,32849841.0,32849841.0,32850.0,,5576226.0,,,,21732.0,5353.0,-0.2,,,,,,,,4092996.0,0.0,,,202134.0,-655.0,,,,-15592.0,-102148.0,535944.0,,,10006.0,,24640185.0,697226.0,25731640.0,-137013.0,-4517528.0,-5566220.0,,,-5576226.0,,557676.0,,,58834.0,,,44744.0,11412.0,0.001,,,0.0,,69568.0,25731640.0,,,,,50713.0,,,1477877.0,-46045679.0,,,753994.0,,0.0,,,,,,,,,1165325.0,7148248.0,2.55,,,,2.0,,23942959.0,,5000.0,,,1550.0,25731640.0,,27952742.0
2020-06-30,2020-08-11,10-Q,"GENPREX, INC.",GNPX,CIK0001595248,USD,181967.0,,,,74889855.0,2359621.0,,24749299.0,24157748.0,,22127179.0,,,22127179.0,,0.0,,21880688.0,3.93,,115552.0,2384621.0,0.001,200000000.0,38629229.0,38629229.0,38630.0,,4378104.0,,,,10741.0,5776.0,-0.12,,,,3100000.0,,,,2216691.0,,,,,,,,,,,534523.0,,,4811.0,,24749299.0,239786.0,,,,-4373293.0,,,-4378104.0,,545264.0,,,57819.0,,,,,0.001,10000000.0,0.0,0.0,,1136485.0,,,,,,46287.0,85.0,,2155637.0,-50418972.0,0.0,,,1500000.0,,,,,,,,,,,6826300.0,2.45,,,,,,24509513.0,,,,,11000.0,2569226.0,,35358058.0
2020-09-30,2020-11-12,10-Q,"GENPREX, INC.",GNPX,CIK0001595248,USD,321424.0,,,,76130492.0,432590.0,,23351696.0,22710903.0,,21058386.0,,,21058386.0,,0.0,,20811895.0,4.01,,115552.0,2374747.0,0.001,200000000.0,39463722.0,39463722.0,39464.0,,2777593.0,,,,10741.0,5714.0,-0.07,,,,,,,,1421863.0,,,,,,,,,,,587712.0,,,2650.0,,23351696.0,375655.0,,,,-2774943.0,,,-2777593.0,,598453.0,,,54231.0,,,,,0.001,10000000.0,0.0,0.0,,966108.0,,,,,,42340.0,85.0,,1350016.0,-53193915.0,0.0,,,,,,,,4857491.0,3.0,,,,,6982885.0,2.78,218260.0,2.7,,,,22976041.0,,,,,15350.0,793531.0,,39055159.0
2020-12-31,2021-03-26,10-K,"GENPREX, INC.",GNPX,CIK0001595248,USD,192968.0,,127.0,,89295600.0,4091538.0,,31367214.0,30715407.0,,27319685.0,27319685.0,,27319685.0,25317193.0,,,27091596.0,4.37,,315182.0,2154747.0,0.001,200000000.0,43117681.0,43117681.0,43118.0,,17961581.0,,,,10741.0,22777.0,-0.51,0.0,0.21,-0.21,,,0.0,,10635881.0,0.0,,,-247290.0,-528.0,,-10991.0,,187329.0,212837.0,601625.0,,,18811.0,,31367214.0,450724.0,41589529.0,-2337250.0,-13935086.0,-17942770.0,,,-17961581.0,44600000.0,612366.0,,,257756.0,,,110424.0,17564.0,0.001,10000000.0,0.0,0.0,0.0,384553.0,41589529.0,,,,,39441.0,127.0,,7302923.0,-58422228.0,,,4246186.0,,0.0,,,,4491545.0,2.75,327640.0,327640.0,8.31,4933058.0,6844069.0,2.81,,,1.03,2.87,,30916490.0,,51432.0,5511599.0,2555486.0,154648.0,2537731.0,1320155.0,35522875.0
2021-03-31,2021-05-17,10-Q,"GENPREX, INC.",GNPX,CIK0001595248,USD,338968.0,,,,115287472.0,651088.0,,51036471.0,50377734.0,,47068703.0,,,47068703.0,19749018.0,,,47256175.0,4.4,,,2179747.0,0.001,200000000.0,47314820.0,47314820.0,47315.0,,6491695.0,,,,10741.0,6242.0,-0.14,,,,,,,,4316310.0,0.0,,,146493.0,,,,,12676.0,-187282.0,610696.0,,,1982.0,,51036471.0,613626.0,25324330.0,-110030.0,-5465282.0,-6489714.0,,,-6491695.0,,621437.0,,,274658.0,,,9071.0,91701.0,0.001,10000000.0,0.0,0.0,,201004.0,25324330.0,,,,,37300.0,127.0,,2169143.0,-64911942.0,,,671738.0,,0.0,,,,373746.0,2.91,,10000.0,7.22,1332500.0,7974430.0,3.27,4673149.0,4.0,1.69,5.43,,50422845.0,,5000.0,,192139.0,20650.0,25324330.0,324330.0,45546106.0
2021-06-30,2021-08-13,10-Q,"GENPREX, INC.",GNPX,CIK0001595248,USD,369792.0,,127.0,,116534756.0,1116359.0,,48731437.0,48061529.0,,,44243449.0,,44243449.0,,,,43990330.0,4.4,,,2179747.0,0.001,200000000.0,47522857.0,47522857.0,47523.0,,3987222.0,,,,10741.0,2848.0,-0.08,,,,,,,,2458097.0,,,,,,,,,,,619673.0,,,1104.0,,48731437.0,1047219.0,,,,-3986118.0,,,-3987222.0,,630414.0,,,677427.0,,,,,0.001,10000000.0,0.0,0.0,0.0,755596.0,,,,,,39494.0,,,1526277.0,-68898060.0,0.0,,,,,,,,4820913.0,2.97,,,,,7938521.0,3.34,443535.0,2.99,,,,47684219.0,,,,,21100.0,110033.0,,47372490.0
2021-09-30,2021-11-15,10-Q,"GENPREX, INC.",GNPX,CIK0001595248,USD,591941.0,,127.0,,117453401.0,658577.0,,46327172.0,45644729.0,,,42020527.0,,42020527.0,,,,41770489.0,4.39,,,2204747.0,0.001,200000000.0,47803570.0,47803570.0,47803.0,,3438925.0,,,,10741.0,6489.0,-0.07,,,,,,,,2000437.0,,,,,,,,,,,627360.0,,,1060.0,,46327172.0,1161893.0,,,,-3437865.0,,,-3438925.0,,638101.0,,,569952.0,,,,,0.001,10000000.0,0.0,0.0,0.0,749029.0,,,,,,44342.0,,,1431999.0,-72335925.0,0.0,,,,,,,,4894439.0,3.1,,,,,8682808.0,3.36,349239.0,2.91,,,,45165279.0,,,,,16800.0,243548.0,,47612419.0
