end,filed,form,Name,Ticker,CIK,Currency,AccountsPayableAndAccruedLiabilitiesCurrent,AccountsPayableAndAccruedLiabilitiesNoncurrent,AccountsPayableTradeCurrent,AccruedLiabilitiesCurrent,AccumulatedDepreciationDepletionAndAmortizationPropertyPlantAndEquipment,AdditionalPaidInCapital,AdditionalPaidInCapitalCommonStock,AdjustmentForAmortization,AdjustmentsToAdditionalPaidInCapitalOther,Assets,AssetsCurrent,AssetsDisposedOfByMethodOtherThanSaleInPeriodOfDispositionGainLossOnDisposition1,CashAndCashEquivalentsAtCarryingValue,CashAndCashEquivalentsPeriodIncreaseDecrease,CommonStockParOrStatedValuePerShare,CommonStockSharesAuthorized,CommonStockSharesIssued,CommonStockSharesOutstanding,CommonStockValue,CostOfGoodsAndServicesSold,CostOfRevenue,CostOfServices,DeferredRevenueAndCreditsNoncurrent,DeferredRevenueCurrent,DeferredTaxAssetsGross,DeferredTaxAssetsValuationAllowance,Depreciation,DevelopmentCosts,DisposalGroupIncludingDiscontinuedOperationCostsOfGoodsSold,DisposalGroupIncludingDiscontinuedOperationDepreciationAndAmortization,DisposalGroupIncludingDiscontinuedOperationGrossProfitLoss,DisposalGroupIncludingDiscontinuedOperationOperatingExpense,DisposalGroupIncludingDiscontinuedOperationRevenue,DueToRelatedPartiesCurrent,DueToRelatedPartiesNoncurrent,EarningsPerShareBasicAndDiluted,EffectiveIncomeTaxRateContinuingOperations,EmployeeRelatedLiabilitiesCurrent,GeneralAndAdministrativeExpense,GrossProfit,ImpairmentOfIntangibleAssetsFinitelived,IncomeLossFromContinuingOperations,IncomeLossFromContinuingOperationsPerBasicAndDilutedShare,IncomeLossFromDiscontinuedOperationsNetOfTax,IncomeLossFromDiscontinuedOperationsNetOfTaxPerBasicAndDilutedShare,IncomeTaxReconciliationIncomeTaxExpenseBenefitAtFederalStatutoryIncomeTaxRate,IncreaseDecreaseInAccountsPayable,IncreaseDecreaseInAccountsPayableAndAccruedLiabilities,IncreaseDecreaseInDeferredRevenue,Liabilities,LiabilitiesAndStockholdersEquity,LiabilitiesCurrent,ManagementFeeExpense,NetCashProvidedByUsedInFinancingActivities,NetCashProvidedByUsedInInvestingActivities,NetCashProvidedByUsedInOperatingActivities,NetIncomeLoss,OperatingExpenses,OperatingIncomeLoss,OperatingLossCarryforwards,OtherExpenses,OtherNonrecurringIncomeExpense,PaymentsForSoftware,PaymentsToAcquirePropertyPlantAndEquipment,ProceedsFromContributionsFromAffiliates,ProceedsFromIssuanceOfCommonStock,ProfitLoss,PropertyPlantAndEquipmentGross,PropertyPlantAndEquipmentNet,ReceivableFromOfficersAndDirectorsForIssuanceOfCapitalStock,RepaymentsOfRelatedPartyDebt,RetainedEarningsAccumulatedDeficit,Revenues,SalesRevenueServicesNet,SharesIssued,StockholdersEquity,StockholdersEquityIncludingPortionAttributableToNoncontrollingInterest,StockIssuedDuringPeriodSharesOther,StockIssuedDuringPeriodValueNewIssues,WeightedAverageNumberOfShareOutstandingBasicAndDiluted,WeightedAverageNumberOfSharesOutstandingBasic
2017-09-30,2017-11-20,10-Q,RIVEX TECHNOLOGY CORP.,RIVX,CIK0001702541,USD,,,,,,,18335.0,,,43374.0,,,18034.0,,,75000000.0,5965000.0,5965000.0,5965.0,2800.0,2800.0,2800.0,9800.0,,,,,,,,,,,,5310.0,0.0,,,2016.0,15200.0,,,,,,,,,,15110.0,43374.0,,,,,,13184.0,2016.0,13184.0,,,2016.0,,,,,,25340.0,,,,3964.0,18000.0,18000.0,,,28264.0,,,5230108.0,5230108.0
2017-12-31,2018-01-30,10-Q,RIVEX TECHNOLOGY CORP.,RIVX,CIK0001702541,USD,,1418.0,,,,,22420.0,,,43153.0,,,17929.0,,,75000000.0,6180000.0,6180000.0,6180.0,,0.0,,9800.0,,,,,,,116.0,,116.0,,,5310.0,0.0,,,5823.0,0.0,,-5823.0,0.0,-116.0,0.0,,,,,16528.0,43153.0,,,,,,-5939.0,5823.0,-5823.0,,,5939.0,,,,,,25224.0,,,,-1975.0,0.0,,,,26625.0,,,6161902.0,5161902.0
2018-03-31,2018-06-13,10-K,RIVEX TECHNOLOGY CORP.,RIVX,CIK0001702541,USD,5310.0,,,,292.0,22420.0,22420.0,292.0,25420.0,39541.0,14433.0,,14433.0,12333.0,0.001,75000000.0,6180000.0,6180000.0,6180.0,,2800.0,,9800.0,9800.0,-1417.0,875.0,292.0,,2800.0,292.0,15200.0,292.0,18000.0,5310.0,5310.0,0.0,0.34,,17267.0,15200.0,,-17267.0,0.0,14908.0,0.0,542.0,,,9800.0,15110.0,39541.0,15110.0,,30000.0,-25400.0,7733.0,-2359.0,17267.0,-17267.0,-4169.0,,17559.0,24000.0,1400.0,3400.0,26600.0,-2359.0,1400.0,1108.0,,-3400.0,-19077.0,18000.0,18000.0,6180000.0,24431.0,24431.0,1180000.0,26600.0,5641821.0,5641821.0
2018-06-30,2018-07-24,10-Q,RIVEX TECHNOLOGY CORP.,RIVX,CIK0001702541,USD,,203.0,,,,,22420.0,116.0,,25759.0,,,767.0,-13666.0,,75000000.0,6180000.0,6180000.0,6180.0,,0.0,,9800.0,,,,116.0,,,116.0,,116.0,,,7560.0,0.0,,,16119.0,0.0,,-16119.0,0.0,-116.0,0.0,,203.0,203.0,,17563.0,25759.0,,,2250.0,0.0,-15916.0,-16235.0,16119.0,-16119.0,,,16235.0,,,2250.0,,-16235.0,24992.0,,,,-20404.0,0.0,,,8196.0,8196.0,,,6180000.0,6180000.0
2018-09-30,2019-01-22,10-Q,RIVEX TECHNOLOGY CORP.,RIVX,CIK0001702541,USD,353.0,,,,524.0,22420.0,,,,24876.0,,,,,0.001,75000000.0,6180000.0,6180000.0,6180.0,,,,,9800.0,,,,,,,,116.0,,10274.0,,0.0,,,3631.0,,,-3631.0,0.0,-116.0,0.0,,,,,20427.0,24876.0,,,,,,-3747.0,3631.0,-3631.0,,,,,,,,-3747.0,1400.0,876.0,,,-24151.0,,,,4449.0,,,,6180000.0,
2018-12-31,2019-02-14,10-Q,RIVEX TECHNOLOGY CORP.,RIVX,CIK0001702541,USD,11756.0,,1482.0,,,22420.0,,,,,,,,,0.001,75000000.0,6180000.0,6180000.0,6180.0,,,,,9800.0,,,,,,,,,,10274.0,,0.0,,,1129.0,,,-1129.0,0.0,-24876.0,0.0,,,,,,,21556.0,,,,,-26005.0,1129.0,-1129.0,,,,,,,,,,,,,-39956.0,,,,-21556.0,,,,6180000.0,
2019-03-31,2019-06-27,10-K,RIVEX TECHNOLOGY CORP.,RIVX,CIK0001702541,USD,21921.0,,11647.0,9800.0,,22420.0,,,,,,24876.0,,-14433.0,0.001,75000000.0,6180000.0,6180000.0,6180.0,,,,,,-12632.0,12632.0,232.0,24000.0,,232.0,,232.0,,9629.0,,-0.01,0.21,9629.0,30874.0,,,-30873.0,0.0,-25108.0,0.0,,,1847.0,,31550.0,,31550.0,,4964.0,,-19397.0,-55982.0,30874.0,-30874.0,-60150.0,,,,,,,,,,,-4964.0,-49950.0,,,,-31550.0,,,,6180000.0,
2019-06-30,2019-08-14,10-Q,RIVEX TECHNOLOGY CORP.,RIVX,CIK0001702541,USD,21077.0,,10803.0,,,22420.0,,,,,,,,,0.001,75000000.0,6180000.0,6180000.0,6180.0,,,,,,,,,,,,,,,16745.0,,0.0,,,6272.0,,,-6272.0,0.0,,,,,-844.0,,37822.0,,,7116.0,7116.0,,-7116.0,-6272.0,6272.0,-6272.0,,,,,,,,-6272.0,,,,,-56222.0,,,,-37822.0,,,,6180000.0,
2019-09-30,2019-11-13,10-Q,RIVEX TECHNOLOGY CORP.,RIVX,CIK0001702541,USD,23121.0,,12847.0,,,72400.0,,,,,,,,,0.001,75000000.0,6200000.0,6200000.0,6200.0,,,,,,,,,,,,,,,23086.0,,-0.01,,,8385.0,,50000.0,-58385.0,-0.01,,,,,,,46207.0,,,,,,,-58385.0,8385.0,-58385.0,,50000.0,,,,,,-58385.0,,,,,-114607.0,,,,-46207.0,,,,6196957.0,
