end,filed,form,Name,Ticker,CIK,Currency,AccountsPayableRelatedPartiesCurrentAndNoncurrent,AccountsReceivableRelatedParties,AccruedInsuranceCurrentAndNoncurrent,AccruedInvestmentIncomeReceivable,AccruedProfessionalFeesCurrentAndNoncurrent,AssetManagementCosts,Assets,CapitalUnitsOutstanding,Cash,CashAndCashEquivalentsAtCarryingValue,CashAndCashEquivalentsPeriodIncreaseDecrease,CashCashEquivalentsRestrictedCashAndRestrictedCashEquivalents,CashCashEquivalentsRestrictedCashAndRestrictedCashEquivalentsPeriodIncreaseDecreaseIncludingExchangeRateEffect,CommissionsPayableToBrokerDealersAndClearingOrganizations,CustodyFees,DebtInstrumentCollateralAmount,Deposits,DepositsMoneyMarketDeposits,DerivativeCollateralObligationToReturnCash,DistributionsPerLimitedPartnershipUnitOutstanding,DividendIncomeOperating,DividendsReceivable,DueFromRelatedParties,DueToCorrespondentBrokers,DueToOfficersOrStockholdersCurrentAndNoncurrent,DueToRelatedPartiesCurrentAndNoncurrent,FeesAndCommissions,FloorBrokerageExchangeAndClearanceFees,GainLossOnSaleOfCommodityContracts,GainLossOnSaleOfDerivatives,GeneralPartnersCapitalAccount,IncreaseDecreaseInAccountsPayableRelatedParties,IncreaseDecreaseInAccountsReceivableRelatedParties,IncreaseDecreaseInAccruedInterestReceivableNet,IncreaseDecreaseInAccruedInvestmentIncomeReceivable,IncreaseDecreaseInAccruedLiabilities,IncreaseDecreaseInDividendsReceivable,IncreaseDecreaseInDueToOfficersAndStockholders,IncreaseDecreaseInFinancialInstrumentsUsedInOperatingActivities,IncreaseDecreaseInInsuranceLiabilities,IncreaseDecreaseInInterestPayableNet,IncreaseDecreaseInOtherOperatingAssets,IncreaseDecreaseInOtherOperatingLiabilities,IncreaseDecreaseInOtherReceivables,IncreaseDecreaseInPayablesToBrokerDealers,IncreaseDecreaseInPrepaidExpense,IncreaseDecreaseInTradingLiabilities,InterestIncomeOperating,InterestPayableCurrentAndNoncurrent,InterestReceivable,InvestmentOwnedPercentOfNetAssets,InvestmentOwnedUnderlyingFaceAmountAtMarketValue,Liabilities,LiabilitiesAndPartnersCapital,LiabilitiesAndStockholdersEquity,LicenseCosts,LimitedPartnersCapitalAccount,LimitedPartnersCapitalAccountUnitsOutstanding,ManagementFeeExpense,ManagementFeePayable,NetCashProvidedByUsedInFinancingActivities,NetCashProvidedByUsedInFinancingActivitiesContinuingOperations,NetCashProvidedByUsedInOperatingActivities,NetCashProvidedByUsedInOperatingActivitiesContinuingOperations,NetIncomeLoss,NetIncomeLossAllocatedToLimitedPartners,NetIncomeLossNetOfTaxPerOutstandingLimitedPartnershipUnitDiluted,NetIncomeLossPerOutstandingLimitedPartnershipAndGeneralPartnershipUnitBasicAndDiluted,NetIncomeLossPerOutstandingLimitedPartnershipUnit,NetIncomeLossPerOutstandingLimitedPartnershipUnit,NetIncomeLossPerOutstandingLimitedPartnershipUnitBasicNetOfTax,NetIncomeLossPerOutstandingLimitedPartnershipUnitDiluted,NetIncomeLossPerOutstandingLimitedPartnershipUnitDiluted,NoninterestExpenseDirectorsFees,NoninterestExpenseTransferAgentAndCustodianFees,ObligationToReturnSecuritiesReceivedAsCollateral,OperatingExpenses,OtherAssets,OtherExpenses,OtherGeneralExpense,OtherIncome,OtherLiabilities,PartnersCapital,PartnersCapitalAccountContributions,PartnersCapitalAccountRedemptions,PartnersCapitalAccountUnitsContributed,PartnersCapitalAccountUnitsRedeemed,PrepaidExpenseCurrent,ProceedsFromPartnershipContribution,ProfessionalFees,ReceivablesNetCurrent,Revenues,SecuritiesHeldAsCollateralAtFairValue,SecuritiesReceivedAsCollateral,TradingLiabilities,TrusteeFees,UnrealizedGainLossOnCommodityContracts,UnrealizedGainLossOnDerivatives,UnrealizedGainLossOnDerivativesAndCommodityContracts,UnrecognizedTaxBenefitsIncomeTaxPenaltiesAndInterestExpense,WeightedAverageLimitedPartnershipUnitsOutstanding,DueToRelatedPartiesNoncurrent,IncreaseDecreaseInDueToRelatedParties
2007-12-31,2008-03-26,10-K,"United States Natural Gas Fund, LP",UNG,CIK0001376227,USD,,,,,,,,,,488067199.0,,,,,,,,,,,,,,,,,,,,,,,,,,,,,,,,,,,,,,,,,,,,,,,,,,,,,,,,,,,,,,,,,,,,,,,,,593394981.0,,,,,,,,,,,,,,,,,,,,
2008-12-31,2009-03-02,10-K,"United States Natural Gas Fund, LP",UNG,CIK0001376227,USD,,,,,,4373723.0,,,,419929831.0,-68137368.0,,,,,,,,,,7348373.0,,,,,,,867175.0,-469854610.0,,,,,,,577119.0,,-8238.0,208503665.0,,,,,,16700.0,,,4877161.0,,,,,,,,236664.0,,,,,603831375.0,,-671968743.0,,-492204638.0,,,,,-12.91,,,-25.5,130107.0,,,7028812.0,,50000.0,,202000.0,,695714510.0,2691884826.0,2097360659.0,69800000.0,56300000.0,,2691884826.0,1022269.0,,-485175826.0,,,,,-27748750.0,,,,19303825.0,,
2009-06-30,2009-08-10,10-Q,"United States Natural Gas Fund, LP",UNG,CIK0001376227,USD,,,,,,2736408.0,,,,2588232011.0,,,,,,,,,,,739265.0,,,,,,,3604808.0,227995663.0,,,,,,,,,,,,,,,,,,,35274.0,,,,,,,,,,,,,,,,,-158099483.0,,,,-1.43,,,-1.17,,95271.0,,,7784505.0,,345460.0,,109000.0,,,,,,,,,1002558.0,,-150314978.0,,,,,-379194180.0,,,,135309890.0,,
2009-09-30,2009-11-09,10-Q,"United States Natural Gas Fund, LP",UNG,CIK0001376227,USD,,,,,,5158662.0,,,,2955693030.0,,,,,,,,,,,912041.0,,,,,,,5726699.0,-1373165816.0,-3330675.0,,,,,,,,,,,,,,,,,,56346.0,,,,,,,,,,,,,,,,,-677866922.0,,,,-2.23,,,-1.99,,49631.0,,,13271354.0,,996753.0,,11000.0,,,,,,,,,1339609.0,,-664595568.0,,,,,665582415.0,45339121.0,,,341418478.0,,
2009-12-31,2010-03-01,10-K,"United States Natural Gas Fund, LP",UNG,CIK0001376227,USD,,,,,,14189176.0,4549303897.0,,733693664.0,3896493193.0,3476563362.0,,,256250.0,,,,,,,2462731.0,110235.0,,,1918167.0,,,11384593.0,-1443746373.0,-39014082.0,,,,,,1792908.0,,20264.0,440074110.0,,20751.0,,,,216750.0,,19112096.0,224985.0,20751.0,,,,24196734.0,4549303897.0,,619825.0,4525107163.0,449500000.0,,,5404860970.0,,-1928297608.0,,-1584775525.0,,,,,-26.41,,,-13.78,142322.0,,,31406703.0,192758.0,18419.0,,185000.0,,4525107163.0,6284421972.0,870253794.0,474400000.0,54800000.0,,6284421972.0,3828390.0,,-1553368822.0,,,19112096.0,,-34072395.0,-39408688.0,,,114981644.0,,
2010-03-31,2010-05-10,10-Q,"United States Natural Gas Fund, LP",UNG,CIK0001376227,USD,,,,,,5044409.0,,,,2648168231.0,-1248324962.0,,,,,,,,,,136183.0,,,,,,,1741599.0,-465823610.0,-697388429.0,,,,,109657245.0,-56359.0,,-943.0,-263375209.0,,-20751.0,,,,-16000.0,,-19112096.0,83705.0,,,,,,,,,,,,,-442091714.0,,-806233248.0,,-1291122336.0,,,,,-6.33,,,-6.09,49156.0,,,7849744.0,,262662.0,,47000.0,,,,,,,,195674968.0,751918.0,,-1283272592.0,,,,,-101594860.0,-18732581.0,,,212110556.0,,
2010-06-30,2010-08-09,10-Q,"United States Natural Gas Fund, LP",UNG,CIK0001376227,USD,,,,531566.0,,3948435.0,2818115596.0,,555659167.0,2464068890.0,,,,240250.0,,,,,245337709.0,,234581.0,86463.0,6225216.0,,1325587.0,15334080.0,,1536192.0,200372905.0,188530007.0,,,,,,,,,,,,,,,,,,125379.0,236557.0,,,,19101898.0,2818115596.0,,,2799013698.0,359700000.0,,,,,,,375417685.0,,,,0.88,1.76,,0.95,1.9,415529.0,,105367285.0,6674048.0,280827.0,187740.0,,52000.0,,2799013698.0,,,,,,,586152.0,,382091733.0,0.0,,,,-14664103.0,7440964.0,,,197402198.0,,
2010-09-30,2010-11-09,10-Q,"United States Natural Gas Fund, LP",UNG,CIK0001376227,USD,,,,,,3554792.0,2548931207.0,,415534383.0,2221298456.0,,,,216250.0,,,,,179617199.0,,308040.0,76209.0,58160177.0,,1128881.0,,,1426297.0,-322980528.0,-299303802.0,,,,,,,,,,,,,,,,,,130596.0,,,,,16153232.0,2548931207.0,,,2532777975.0,409800000.0,,,,,,,-565135883.0,,,,-1.6,-3.2,,-1.53,-3.06,44100.0,,73574000.0,5678386.0,258318.0,697297.0,,48000.0,,2532777975.0,,,,,,,470955.0,,-559457497.0,0.0,,12452969.0,,50865705.0,11474492.0,,,184467391.0,,
2010-12-31,2011-03-01,10-K,"United States Natural Gas Fund, LP",UNG,CIK0001376227,USD,,,,16538472.0,,16067219.0,2766731582.0,,314624216.0,2320745778.0,-1575747415.0,,,236250.0,,,983118275.0,1652251719.0,187483732.0,,907351.0,54186.0,,,1223496.0,95399015.0,,6257135.0,-785428575.0,-905660856.0,,,,,16538472.0,-277002.0,-56049.0,-23836.0,-419069448.0,,-20751.0,-29334.0,,,-20000.0,,-19112096.0,457225.0,,,,,99374745.0,2766731582.0,2766731582.0,717332.0,2667356837.0,222300000.0,,,-242781670.0,,-1332965745.0,,-1558298748.0,,,,,-32.88,,,-29.72,553511.0,,,31478312.0,163424.0,170929.0,2450000.0,204000.0,2515984.0,2667356837.0,1983872580.0,2322053265.0,38412500.0,39025000.0,,1983872580.0,2074119.0,,-1493729396.0,,0.0,,,129182545.0,66608914.0,,,51142945.0,,
2011-03-31,2011-05-10,10-Q,"United States Natural Gas Fund, LP",UNG,CIK0001376227,USD,,,,30103852.0,,3184351.0,2310096474.0,,182117248.0,1978523029.0,-342222749.0,,,216250.0,,,,,140534883.0,,114922.0,32465.0,36655674.0,,1082934.0,,,1396783.0,2603815.0,-28899684.0,,,,,13565380.0,-1062273.0,,-4242.0,-132506968.0,,29292.0,,-20258.0,,-20000.0,,,97995.0,29292.0,,,,2761929.0,2310096474.0,,142709.0,2307334545.0,200697828.0,,,-428391639.0,,86168890.0,,-63685342.0,,,,,-2.0,,,-1.2,40119.0,,64799038.0,5563087.0,156003.0,283714.0,,58000.0,,2307334545.0,551537522.0,847874472.0,90600000.0,334502172.0,,514881848.0,698239.0,,-58122255.0,,0.0,,,-27484617.0,-4612686.0,,,52687277.0,,
2011-06-30,2011-08-09,10-Q,"United States Natural Gas Fund, LP",UNG,CIK0001376227,USD,,,,,,2744152.0,1893541968.0,,216415265.0,1705330952.0,,,,196250.0,,,1921746217.0,,151376650.0,,33816.0,9093.0,,,846244.0,,,1164253.0,56484270.0,3898665.0,,,,,,,,,,,,,,,,,,59864.0,,,,,31933729.0,,1893541968.0,,1861608239.0,168997828.0,,,,,,,-55082055.0,,,,,-1.92,,,-1.24,39047.0,,35259611.0,4774133.0,101992.0,216489.0,,39000.0,,1861608239.0,,,,,,,649239.0,,-50307922.0,0.0,0.0,29146529.0,,-84138356.0,-26685181.0,,,44421435.0,,
2011-09-30,2011-11-09,10-Q,"United States Natural Gas Fund, LP",UNG,CIK0001376227,USD,,,,,,2279917.0,1365177272.0,,184652223.0,1268677109.0,,,,166250.0,,,1453329332.0,,93980849.0,,20956.0,4537.0,,,679174.0,,,1023870.0,-121959172.0,-120103609.0,,,,,,,,,,,,,,,,,,42985.0,,,,,28296712.0,,1365177272.0,,1336880560.0,148597828.0,,,,,,,-305427124.0,,,,,-8.08,,,-7.8,,,33026713.0,3564611.0,49410.0,197033.0,,27000.0,1692016.0,1336880560.0,,,,,,,63791.0,,-301862513.0,0.0,0.0,25759272.0,,-40202217.0,-19688456.0,,,39232881.0,,
2011-12-31,2012-02-29,10-K,"United States Natural Gas Fund, LP",UNG,CIK0001376227,USD,,,,,,10074913.0,1083535124.0,,206627904.0,938678961.0,-1382066817.0,,,166250.0,,,542816065.0,602490800.0,16454930.0,,192988.0,8866.0,,,599523.0,8523736.0,,4718066.0,-361823498.0,-275985809.0,,,,174.0,-16538472.0,-268442.0,-45320.0,-17205.0,-107996312.0,,153.0,-146208.0,19388.0,,-70000.0,,772.0,238141.0,153.0,174.0,0.2415,,11438951.0,,1083535124.0,430375.0,1072096173.0,41399457.0,,,-850945237.0,,-531121580.0,,-1238186891.0,,-18.88,,,-32.24,-22.12,,-18.88,145465.0,,26431111.0,21208219.0,17216.0,259011.0,2100000.0,146000.0,19388.0,1072096173.0,1349602961.0,2113672919.0,34187500.0,48363043.0,,1349602961.0,1927195.0,,,,0.0,772.0,20000.0,-136397585.0,-40005918.0,,,44028303.0,,
2012-03-31,2012-05-10,10-Q,"United States Natural Gas Fund, LP",UNG,CIK0001376227,USD,,,,,,1379693.0,821675760.0,,232426811.0,651042360.0,-287636601.0,,,166250.0,,,480955074.0,402514097.0,23632893.0,,24301.0,9098.0,,,435843.0,42083366.0,,1021391.0,-299391078.0,-91376797.0,,,,113.0,,,232.0,,25798907.0,,,39169.0,12160.0,,0.0,,-772.0,30138.0,153.0,287.0,,,44045726.0,,821675760.0,34556.0,777630034.0,48566476.0,,,132584878.0,,-420221479.0,,-430492507.0,,,,,-9.87,-9.87,,-9.76,,,19680900.0,2758767.0,56385.0,61042.0,,42000.0,96140.0,777630034.0,477942497.0,341916129.0,52200000.0,169231352.0,,440941377.0,296641.0,,,,0.0,,20000.0,-33696980.0,-3365324.0,,,44091606.0,,
2012-06-30,2012-08-09,10-Q,"United States Natural Gas Fund, LP",UNG,CIK0001376227,USD,,,,,,1335505.0,1174145638.0,,149970574.0,833085151.0,,,,150250.0,,,580513754.0,402541971.0,13905308.0,,28497.0,9722.0,,,474028.0,11145018.0,,929220.0,-21525095.0,5092756.0,,,,,,,,,,,,,,,,,,34732.0,153.0,,0.1497,,12797770.0,,1174145638.0,,1161347868.0,60266476.0,,,,,,,185752154.0,,3.48,,,3.26,3.26,,3.48,,,18471865.0,2655813.0,40682.0,72810.0,,64000.0,37778.0,1161347868.0,,,,,,,318278.0,,,,0.0,,,178004797.0,26708280.0,,,53337905.0,,
2012-09-30,2012-11-09,10-Q,"United States Natural Gas Fund, LP",UNG,CIK0001376227,USD,,,,,,1671929.0,1167217539.0,,250776484.0,846615999.0,,,,136250.0,,,694821677.0,402570806.0,16144536.0,,29534.0,10419.0,,,542056.0,46659383.0,,848929.0,120434518.0,21863449.0,,,,,,,,,,,,,,,,,,85497.0,153.0,547.0,0.1695,,48568880.0,,1167217539.0,,1118648659.0,52366476.0,,,,,,,103523848.0,,1.79,,,2.09,2.09,,1.79,,,15298350.0,2884646.0,25818.0,86878.0,,60000.0,51480.0,1118648659.0,,,,,,,276910.0,,,,1191737.0,,,-34822414.0,-1242090.0,,,57783867.0,,
2012-12-31,2013-02-27,10-K,"United States Natural Gas Fund, LP",UNG,CIK0001376227,USD,,,,19007766.0,,6154688.0,1246282514.0,,144803499.0,1100510722.0,161831761.0,,,122250.0,,,692700192.0,552614029.0,15511111.0,,131491.0,16356.0,,,585420.0,57644550.0,216000.0,3499652.0,-243672550.0,-75525786.0,0.0,,,-174.0,0.0,,7490.0,7562.0,-61824405.0,,0.0,-5263.0,-19388.0,1000.0,-44000.0,0.0,-772.0,237662.0,153.0,,0.15,,60009858.0,,1246282514.0,156103.0,1186272656.0,62866476.0,,,430455652.0,,-268623891.0,,-431115737.0,,-5.39,,,-9.5,-9.5,,-5.39,172837.0,20000.0,16454930.0,14267080.0,11953.0,-18588.0,1900000.0,216000.0,54602.0,1186272656.0,2558402142.0,2158059538.0,134625000.0,113157981.0,,2539394376.0,1318461.0,,-274882968.0,,0.0,,,34395462.0,9334753.0,,,53045948.0,,
2013-03-31,2013-05-10,10-Q,"United States Natural Gas Fund, LP",UNG,CIK0001376227,USD,,,,37445796.0,,1561162.0,1035992579.0,,108363543.0,852292055.0,-248218667.0,,,77750.0,20000.0,,408041569.0,552614029.0,16704415.0,,36688.0,11976.0,,,514685.0,96988828.0,,669710.0,88254202.0,22564790.0,0.0,,,0.0,,,-4380.0,,-36439956.0,,,69761.0,-6955.0,,-44500.0,,0.0,57108.0,153.0,,0.2024,,98282307.0,,1035992579.0,39450.0,937710272.0,42766476.0,,,-391777091.0,,143558424.0,,164120955.0,,2.97,,,3.06,3.06,,2.97,,,17924787.0,2717110.0,81714.0,84366.0,2000000.0,60000.0,47647.0,937710272.0,450453342.0,863136681.0,23300000.0,43400000.0,,432015312.0,401872.0,,166838065.0,,182127.0,,,48310023.0,7555254.0,,,55219809.0,,
2013-06-30,2013-08-09,10-Q,"United States Natural Gas Fund, LP",UNG,CIK0001376227,USD,,,,89080052.0,,1363767.0,937521404.0,,130048701.0,773586764.0,,,,69750.0,,,351021436.0,552614029.0,21851940.0,,34929.0,10653.0,,,436837.0,33996672.0,,529248.0,-10692690.0,-14361282.0,0.0,,,,,,,,,,,,,,,,,43279.0,153.0,,0.2085,,35357022.0,,937521404.0,,902164382.0,47766476.0,,,,,,,-120450613.0,,-2.85,,,,-3.04,,,,,20927795.0,2473605.0,60983.0,85208.0,,62000.0,41941.0,902164382.0,,,,,,,495382.0,,-117977008.0,,20927795.0,,,-78127470.0,-14935774.0,,,42314828.0,,
2013-09-30,2013-11-12,10-Q,"United States Natural Gas Fund, LP",UNG,CIK0001376227,USD,,,,11004516.0,,1392568.0,941867123.0,,130182040.0,847246412.0,,,,81750.0,,,424814423.0,552614029.0,0.0,,28790.0,9304.0,,,462739.0,0.0,,615823.0,-7662805.0,-14494336.0,0.0,,,,,,,,,,,,,,,,,40717.0,153.0,,0.1071,,1688266.0,,941867123.0,,940178857.0,51366476.0,,,,,,,-15893732.0,,-0.32,,,,-0.59,,,,,1214685.0,2510685.0,37013.0,86424.0,,51000.0,42631.0,940178857.0,,,,,,,415870.0,,-13383047.0,,1214685.0,,,-2591930.0,11245517.0,,,49127346.0,,
2013-12-31,2014-02-28,10-K,"United States Natural Gas Fund, LP",UNG,CIK0001376227,USD,,,,159392268.0,1454406.0,5737913.0,955315764.0,,24147579.0,792445608.0,-308065114.0,,,81750.0,20000.0,,423979158.0,392614029.0,0.0,,126075.0,8580.0,,,473547.0,14887362.0,224000.0,2400039.0,155734315.0,13643971.0,0.0,,4908.0,0.0,0.0,,-7776.0,-4908.0,-120655920.0,,-153.0,7091.0,0.0,2000.0,-40500.0,0.0,0.0,200251.0,0.0,,0.1266,,16933600.0,,955315764.0,143884.0,938382164.0,45566476.0,,,-588132051.0,,280066937.0,,286423128.0,,3.21,,,,4.01,,,199863.0,,19477185.0,12714190.0,19044.0,850.0,1700000.0,224000.0,45120.0,938382164.0,2206756302.0,2611746663.0,112900000.0,130200000.0,0.0,2066371800.0,1725246.0,4000.0,299137318.0,,0.0,,,562933.0,-3183881.0,,,48892503.0,,
2014-03-31,2014-05-12,10-Q,"United States Natural Gas Fund, LP",UNG,CIK0001376227,USD,,,,0.0,,1184968.0,675463408.0,,69164060.0,610585828.0,-181859780.0,,,81750.0,20000.0,,409244137.0,270505751.0,69164060.0,,22947.0,7646.0,,,384854.0,22484376.0,77000.0,570846.0,124087654.0,15395289.0,0.0,,72079.0,,,,-934.0,,45016481.0,,,941353.0,-7902.0,-3000.0,0.0,874373.0,,66066.0,,,0.202,,23816510.0,,675463408.0,29625.0,651646898.0,26766476.0,,,-272567055.0,,90707275.0,,152821071.0,,4.51,,,,3.76,,,50587.0,,0.0,2262092.0,960397.0,14189.0,1500000.0,77000.0,37218.0,651646898.0,1128445768.0,1568002105.0,45700000.0,64500000.0,,1287838036.0,411877.0,,155083163.0,,0.0,,,9533225.0,5900982.0,,,33889809.0,,
2014-06-30,2014-08-11,10-Q,"United States Natural Gas Fund, LP",UNG,CIK0001376227,USD,,,,31589597.0,800405.0,1047475.0,708434225.0,,44722196.0,667529593.0,,,,72750.0,,,441746038.0,270505751.0,,,21895.0,7407.0,,,337786.0,0.0,50000.0,452156.0,36609181.0,10295155.0,0.0,,,,,,,,,,,,,,,,,38371.0,,,0.0001,,1241625.0,,708434225.0,26187.0,707192600.0,28766476.0,,,,,,,13921661.0,,0.5,,,,0.23,,,49956.0,,,2069407.0,863489.0,74867.0,,50000.0,30684.0,707192600.0,,,,,,,418766.0,,15991068.0,,0.0,,,-31777372.0,753838.0,,,27626916.0,,
2014-09-30,2014-11-10,10-Q,"United States Natural Gas Fund, LP",UNG,CIK0001376227,USD,,,,0.0,1154378.0,1040973.0,739144585.0,,64810509.0,654210103.0,,,,72750.0,,,448514861.0,270505751.0,,,21981.0,7407.0,,,354115.0,31064894.0,41000.0,462183.0,-120447892.0,0.0,0.0,,,,,,,,,,,,,,,,,38039.0,,,0.0001,,32673421.0,,739144585.0,26024.0,706471164.0,31966476.0,,,,,,,-66767128.0,,-2.1,,,,-2.48,,,46036.0,,,2049423.0,764517.0,74830.0,,41000.0,27284.0,706471164.0,,,,,,,399377.0,,-64717705.0,,,,,55629167.0,0.0,,,31767563.0,,
2014-12-31,2015-03-02,10-K,"United States Natural Gas Fund, LP",UNG,CIK0001376227,USD,,17361.0,,3239154.0,1312648.0,4336707.0,652131135.0,174297828.0,226160966.0,589867333.0,-202578275.0,,,72750.0,20000.0,,545522548.0,270505751.0,0.0,,88541.0,7407.0,,0.0,364245.0,0.0,235000.0,2001949.0,-47954734.0,25690444.0,0.0,0.0,10902.0,0.0,,,-1173.0,-10902.0,202013387.0,,,,,-4000.0,0.0,650697.0,,186989.0,,,0.0001,,1777556.0,,652131135.0,108418.0,650353579.0,44466476.0,,,30387648.0,30387648.0,-232965923.0,-232965923.0,-454276566.0,,-5.51,,,,-13.43,,,191887.0,,0.0,10166414.0,,238716.0,1250000.0,,,650353579.0,3030504891.0,3141382995.0,133400000.0,134500000.0,650697.0,3186658005.0,1395991.0,0.0,-444110152.0,,0.0,,,-153777873.0,6654820.0,,,32150038.0,,
2015-03-31,2015-05-07,10-Q,"United States Natural Gas Fund, LP",UNG,CIK0001376227,USD,,71817.0,,9298807.0,725711.0,966289.0,617452655.0,,104964284.0,542325884.0,-47541449.0,,,72750.0,20000.0,,406784417.0,240505751.0,,,21006.0,7152.0,,,315658.0,,48000.0,605947.0,-169165645.0,0.0,0.0,,54456.0,,,,-255.0,,-121196682.0,,,,,0.0,0.0,246040.0,,38260.0,,,0.0001,,1139679.0,,617452655.0,24157.0,616312976.0,46466476.0,,,3310072.0,,-50851521.0,,-43410328.0,,-0.95,,,,-1.37,,,34299.0,,,2051706.0,,74959.0,1500000.0,,,616312976.0,473226649.0,463856924.0,,,896737.0,467166996.0,346055.0,,-41358622.0,,,,,127699757.0,0.0,,,45649809.0,,
2015-06-30,2015-08-05,10-Q,"United States Natural Gas Fund, LP",UNG,CIK0001376227,USD,,57453.0,,0.0,826008.0,982438.0,669192002.0,,75439706.0,603135649.0,,,,72750.0,,,438069604.0,240505751.0,,,20995.0,6922.0,,,322362.0,44434269.0,35000.0,591811.0,4060022.0,0.0,0.0,,,,,,,,,,,,,,,,,56568.0,,,0.0001,,45681419.0,,669192002.0,24561.0,623510583.0,45866476.0,,,,,,,31935323.0,,0.65,,,,0.33,,,29158.0,,,2103468.0,,100645.0,,,,623510583.0,,,,,796092.0,,374855.0,2000.0,34038791.0,,,,,29866206.0,0.0,,,48779663.0,,
2015-09-30,2015-11-06,10-Q,"United States Natural Gas Fund, LP",UNG,CIK0001376227,USD,,41407.0,,9278712.0,1118397.0,890106.0,558990112.0,,89365157.0,512119638.0,,,,72750.0,,,481484795.0,120000000.0,,,18631.0,4505.0,,,280249.0,,46000.0,572450.0,-44560405.0,0.0,0.0,,,,,,,,,,,,,,,,,85622.0,,,,,1495221.0,,558990112.0,22253.0,557494891.0,48066476.0,,,,,,,-88635043.0,,-1.96,,,,-1.99,,,28791.0,,,1956063.0,,101751.0,,,,557494891.0,,,,,694341.0,,340712.0,1000.0,-86678980.0,,,,,-42268828.0,0.0,,,45156693.0,,
2015-12-31,2016-02-26,10-K,"United States Natural Gas Fund, LP",UNG,CIK0001376227,USD,0.0,26732.0,,0.0,1150398.0,3645561.0,580803442.0,,24941552.0,453830484.0,-136036849.0,,,83750.0,20000.0,,448772036.0,30000000.0,0.0,,64640.0,742.0,,40863950.0,249954.0,,156000.0,2371433.0,-507207439.0,0.0,0.0,0.0,9371.0,0.0,,,-6665.0,,-201219414.0,,,,,2000.0,40863950.0,-58107.0,,340320.0,,,,,65830562.0,,580803442.0,91139.0,514972880.0,59266476.0,,,136460102.0,136460102.0,-272496951.0,-272496951.0,-390171998.0,,-19.93,,,,-26.66,,,118994.0,,0.0,9320101.0,,379106.0,800000.0,,,514972880.0,1622768501.0,1513008177.0,32500000.0,28800000.0,592590.0,1626007655.0,1109436.0,2000.0,-380851897.0,,0.0,,,269221125.0,0.0,,,12299290.0,,
2016-03-31,2016-05-04,10-Q,"United States Natural Gas Fund, LP",UNG,CIK0001376227,USD,,41624.0,,,549227.0,726158.0,524734889.0,,79785145.0,449553699.0,-4276785.0,,,83750.0,20000.0,,499338844.0,30000000.0,,,17851.0,6430.0,,0.0,262804.0,,25000.0,562675.0,-7334140.0,0.0,0.0,0.0,14892.0,,,,5688.0,,54843593.0,,,,,-2000.0,-40863950.0,-100645.0,,267159.0,,,,,911730.0,,524734889.0,18154.0,523823159.0,78866476.0,,,100446783.0,100446783.0,-104723568.0,-104723568.0,-115057128.0,,-1.69,,,,-8.15,,,21523.0,,,1479702.0,,100645.0,900000.0,,,523823159.0,185124024.0,61216617.0,28800000.0,9200000.0,491945.0,185124024.0,50547.0,0.0,-113577426.0,,,,,-106553296.0,,,,68021421.0,,
2016-06-30,2016-08-05,10-Q,"United States Natural Gas Fund, LP",UNG,CIK0001376227,USD,,9163.0,,,317711.0,819510.0,593723772.0,,103498447.0,436218747.0,,,,85200.0,,,499717194.0,40000000.0,,,26867.0,8815.0,,0.0,280431.0,,21000.0,522847.0,94006028.0,0.0,0.0,,,,,,,,,,,,,,,,,432045.0,,,,,16076393.0,,593723772.0,20488.0,577647379.0,66766476.0,,,,,,,151653622.0,,1.95,,,,8.0,,,40623.0,,,1571572.0,,100645.0,,,,577647379.0,,,,,391300.0,,67459.0,2000.0,153225194.0,,,,,58739254.0,,,,77732410.0,,
2016-09-30,2016-11-07,10-Q,"United States Natural Gas Fund, LP",UNG,CIK0001376227,USD,,1893.0,,9991332.0,358669.0,823113.0,574132848.0,,58219166.0,523946829.0,,,,85200.0,,,532165995.0,50000000.0,,,31521.0,11699.0,,0.0,279166.0,,30000.0,440975.0,52730870.0,0.0,0.0,,,,,,,,,,,,,,,,,473173.0,,,,,741408.0,,574132848.0,20577.0,573391440.0,68866476.0,,,,,,,-20107439.0,,-0.31,,,,-1.31,,,15881.0,,,1449083.0,,101751.0,,,,573391440.0,,,,,289549.0,,46786.0,1000.0,-18658356.0,,,,,-71923920.0,,,,65875172.0,,
2016-12-31,2017-02-24,10-K,"United States Natural Gas Fund, LP",UNG,CIK0001376227,USD,5417.0,0.0,,4646990.0,437218.0,3263777.0,610073331.0,,44966225.0,522819857.0,89014046.0,567786082.0,,85200.0,20000.0,,517786082.0,50000000.0,0.0,2.42,117246.0,14954.0,,44770339.0,303354.0,,133000.0,2000888.0,166847846.0,0.0,0.0,5417.0,-26732.0,0.0,,,14212.0,,20024673.0,,,,,0.0,3906389.0,-404792.0,,1707539.0,,0.0,,,72262529.0,,610073331.0,81594.0,537810802.0,14466619.0,3263777.0,,-77360805.0,-77360805.0,166374851.0,146350178.0,180975309.0,98732182.0,5.6,,,,6.3,,,94521.0,,0.0,7698871.0,,404792.0,400000.0,133000.0,,537810802.0,731029440.0,806923700.0,23900000.0,24250000.0,187798.0,726382450.0,254042.0,2000.0,188674180.0,,0.0,,,-63973835.0,0.0,-63973835.0,,17619898.0,,
2017-03-31,2017-05-05,10-Q,"United States Natural Gas Fund, LP",UNG,CIK0001376227,USD,0.0,14015.0,,0.0,181027.0,739810.0,504479700.0,,44975772.0,437239552.0,-85570758.0,,,72800.0,20000.0,,462215324.0,20000000.0,,,19279.0,3011.0,,20476398.0,248103.0,,84000.0,419698.0,-78689338.0,-1172.0,0.0,-5417.0,14015.0,0.0,,,-11943.0,,9547.0,,,,,0.0,-24293941.0,-82458.0,,640407.0,,,,,43774390.0,,504479700.0,18495.0,460705310.0,60866476.0,,,18565857.0,18565857.0,-104136615.0,-104146162.0,-94878439.0,,-5.76,,,,-6.9,,,15207.0,,,1636118.0,,82458.0,900000.0,,,460705310.0,549553466.0,531780519.0,74800000.0,71800000.0,105340.0,554200456.0,360450.0,2000.0,-93242321.0,,,,,-15295497.0,,,,16466619.0,,
2017-06-30,2017-08-07,10-Q,"United States Natural Gas Fund, LP",UNG,CIK0001376227,USD,0.0,8901.0,,0.0,273567.0,660512.0,448048554.0,,48122106.0,394372298.0,,,,72800.0,,,422494404.0,20000000.0,,,34328.0,12352.0,,0.0,217760.0,,60000.0,380958.0,-27757990.0,0.0,0.0,,,,,,,,,,,,,,,,,766409.0,,,,,571486.0,,448048554.0,16513.0,447477068.0,65966476.0,660512.0,,,,,,-45219720.0,,-2.97,,,,-3.15,,,14400.0,,,1473807.0,,39266.0,,60000.0,,447477068.0,,,,,241547.0,,362158.0,0.0,-43745913.0,,,,,-16848660.0,,,,15201235.0,,
2017-09-30,2017-11-06,10-Q,"United States Natural Gas Fund, LP",UNG,CIK0001376227,USD,0.0,1445.0,,12432498.0,419345.0,697857.0,524651450.0,,88881582.0,441727976.0,,,,72800.0,,88881582.0,510609558.0,20000000.0,,,45186.0,14395.0,,0.0,240475.0,,48000.0,403584.0,12090930.0,0.0,0.0,,,,,,,,,,,,,,,,,1073563.0,,25774.0,,,740958.0,,524651450.0,17446.0,523910492.0,80066476.0,697857.0,,,,,,-12033128.0,,-0.69,,,,-0.96,,,15964.0,,,1365327.0,,41637.0,,48000.0,,523910492.0,,,,,199910.0,,188839.0,2000.0,-10667801.0,,,,,-23925480.0,,,,17509010.0,,
2017-12-31,2018-02-28,10-K,"United States Natural Gas Fund, LP",UNG,CIK0001376227,USD,8345.0,0.0,,0.0,892759.0,2972340.0,707848863.0,,101001407.0,550936887.0,84152212.0,651938294.0,84152212.0,72800.0,20000.0,,631938294.0,20000000.0,,-13.84,148745.0,17044.0,,0.0,312466.0,,277000.0,1728440.0,-209701928.0,-1172.0,0.0,2928.0,0.0,11573.0,,,2090.0,3007.0,56035182.0,,,,,0.0,-44770339.0,-29526.0,,3982312.0,,11573.0,,,55757130.0,,707848863.0,74309.0,652091733.0,27941619.0,2972340.0,,340188793.0,,-256036581.0,,-234756663.0,-193443975.0,-10.54,-13.84,,,-16.67,,,64982.0,,,8394958.0,,204998.0,1000000.0,277000.0,,652091733.0,1781669130.0,1473944224.0,66825000.0,53350000.0,158272.0,1786316120.0,1390036.0,2000.0,-226361705.0,,,,,18286173.0,,18286173.0,,18356071.0,,
2018-03-31,2018-05-10,10-Q,"United States Natural Gas Fund, LP",UNG,CIK0001376227,USD,10682.0,,,,719996.0,648691.0,368080956.0,,64518650.0,303769409.0,-283650235.0,,,60300.0,20000.0,,343288059.0,25000000.0,,0.8,56967.0,24580.0,,,157982.0,,62000.0,445015.0,67078910.0,-13490.0,0.0,2337.0,0.0,-6859.0,,,7536.0,,,,,,,-1000.0,0.0,-39269.0,,1394568.0,,4714.0,,,16737046.0,,368080956.0,16217.0,351343910.0,15584588.0,648691.0,,-350522540.0,,66872305.0,,11097621.0,11097621.0,0.59,,,,-0.8,,,15378.0,,,1403254.0,,39269.0,,62000.0,,351343910.0,463303459.0,775148903.0,19600000.0,31957031.0,119003.0,463303459.0,238684.0,1000.0,12500875.0,,,,,-56078080.0,,-56078080.0,,18881532.0,,
2018-06-30,2018-08-08,10-Q,"United States Natural Gas Fund, LP",UNG,CIK0001376227,USD,0.0,16494.0,,,466298.0,,337041975.0,,30787364.0,311177329.0,,341964693.0,,60300.0,,,283964693.0,58000000.0,,,109975.0,79209.0,,,182398.0,,,366890.0,23836648.0,0.0,0.0,,,,,,,,,,,,,,,,,1292089.0,,7257.0,,,713365.0,,337041975.0,,336328610.0,14184588.0,533014.0,,,,,,19334318.0,,1.25,,,,1.17,,,17345.0,,,1177669.0,,14556.0,,47000.0,,336328610.0,,,,,104447.0,,232538.0,0.0,20511987.0,,,,,-4773725.0,,,,15418654.0,,
2018-09-30,2018-11-08,10-Q,"United States Natural Gas Fund, LP",UNG,CIK0001376227,USD,25553.0,,,,639280.0,,322285549.0,,19957672.0,281621183.0,,301578855.0,,60300.0,,,294378855.0,7200000.0,,,157458.0,11178.0,,15986912.0,117264.0,,,298780.0,-6801075.0,-2291.0,0.0,,,,,,,,,,,,,,,,,1526049.0,,4326.0,,,16832260.0,,322285549.0,,305453289.0,12284588.0,504862.0,,,,,,19571623.0,,1.37,,,,1.15,,,17535.0,,,1074103.0,,14717.0,,34000.0,,305453289.0,,,,,89730.0,,225588.0,0.0,20645726.0,,,,,25731585.0,,,,14283501.0,,
2018-12-31,2019-03-13,10-K,"United States Natural Gas Fund, LP",UNG,CIK0001376227,USD,398.0,0.0,0.0,,863937.0,,292941948.0,,100299442.0,259491732.0,-292147120.0,359791174.0,-292147120.0,36300.0,20000.0,,326091174.0,33700000.0,,1.01,569787.0,78143.0,,,180632.0,,,1424713.0,230893690.0,-15781.0,0.0,-7947.0,0.0,-1903.0,,,61099.0,-4301.0,,,,,,-1000.0,0.0,-83258.0,,5960666.0,,9670.0,,,44927425.0,,292941948.0,,248014523.0,10184588.0,2259093.0,8602.0,-524739362.0,,232592242.0,,170071362.0,110037462.0,6.73,1.01,,,-0.51,,,69624.0,,,5988900.0,,83258.0,928800.0,194000.0,,248014523.0,1744841011.0,2258955683.0,67200000.0,84957031.0,75014.0,1744841011.0,928798.0,1000.0,176060262.0,,,,,-122742937.0,,-122742937.0,,16359928.0,,
2019-03-31,2019-05-09,10-Q,"United States Natural Gas Fund, LP",UNG,CIK0001376227,USD,6664.0,,,,543351.0,,255584592.0,,77620675.0,194777636.0,-87392863.0,272398311.0,-87392863.0,36300.0,20000.0,,272398311.0,,,0.93,112110.0,24146.0,,,114859.0,,,271564.0,-51559207.0,0.0,0.0,6266.0,,-9499.0,,,-53997.0,-2010.0,,72.0,,,,-1000.0,,-25390.0,,1610320.0,,171.0,,,701650.0,,255584592.0,,254882942.0,10884588.0,432915.0,,-36302099.0,,-51090764.0,,-662758.0,-662758.0,-0.06,,,,-0.93,,,17201.0,,,996578.0,,25390.0,,37000.0,,254882942.0,271042716.0,263511539.0,11000000.0,10300000.0,49624.0,271042716.0,238685.0,0.0,333820.0,,,,,50133597.0,,50133597.0,,11760144.0,,
2019-06-30,2019-08-08,10-Q,"United States Natural Gas Fund, LP",UNG,CIK0001376227,USD,0.0,16493.0,,,470270.0,,325589135.0,,,265182362.0,,330045259.0,,36300.0,,,270045259.0,60000000.0,,,37004.0,38082.0,,,141412.0,,,251098.0,-53152570.0,93.0,0.0,,,,,,,,,,,,,,,,,1611194.0,,0.0,,,647982.0,,325589135.0,,324941153.0,16384588.0,412293.0,,,,,,-40622275.0,,-3.19,,,,-3.59,,,13382.0,,,943846.0,,15429.0,,20000.0,,324941153.0,,,8400000.0,2900000.0,571111.0,,241337.0,0.0,-39678429.0,,,,,11805850.0,,,,12742830.0,,
2019-09-30,2019-11-08,10-Q,"United States Natural Gas Fund, LP",UNG,CIK0001376227,USD,,,0.0,,626772.0,,257655250.0,,,234515131.0,,293672818.0,,36300.0,,,283672818.0,10000000.0,,,220411.0,70000.0,,,151012.0,,,290231.0,46921535.0,0.0,0.0,,,,,,,,,,,,,,,,,1473249.0,,7829.0,,,823540.0,,257655250.0,,256831710.0,12884588.0,459462.0,8258.0,,,,,16097037.0,,1.06,,,,0.1,,,18785.0,,,975773.0,,34621.0,,23000.0,,256831710.0,,,4600000.0,8100000.0,536490.0,,161187.0,0.0,17072810.0,,,,,-31565385.0,,,,15161762.0,,
2019-12-31,2020-03-13,10-K,"United States Natural Gas Fund, LP",UNG,CIK0001376227,USD,,,,,786718.0,,445616741.0,,,375588135.0,,458998451.0,99207277.0,36300.0,20000.0,,298998451.0,160000000.0,,,582039.0,140270.0,,,207145.0,,,1155153.0,-126561127.0,93.0,0.0,,,-4443.0,,,62127.0,2089.0,,,,,,0.0,,392476.0,,6027693.0,,5227.0,,,1043487.0,,445616741.0,,444573254.0,26284588.0,1820281.0,10691.0,223577285.0,,-124370008.0,,-130046512.0,-77617254.0,-5.39,-7.44,,,-3.02,,,70739.0,,,5160841.0,,144440.0,752399.0,120000.0,,444573254.0,921642412.0,647466427.0,44600000.0,28500000.0,467490.0,914876988.0,802399.0,1000.0,-124885671.0,,,,,46252567.0,,46252567.0,,14401574.0,,
2020-03-31,2020-05-08,10-Q,"United States Natural Gas Fund, LP",UNG,CIK0001376227,USD,,,,,437877.0,,328608777.0,,,283950682.0,,357271708.0,-101726743.0,42300.0,20000.0,,357271708.0,,,,669061.0,102290.0,,,193399.0,,,572700.0,-124698620.0,,0.0,3326.0,,-5227.0,,,-37980.0,3326.0,,0.0,,,,-1000.0,,-68250.0,,1077531.0,,0.0,,,693825.0,,328608777.0,,327914952.0,26384588.0,688156.0,14017.0,22996059.0,,-124722802.0,,-132888937.0,,-4.2,,,,-4.48,,,24503.0,,,1530249.0,,68250.0,,44000.0,,327914952.0,254737351.0,238506716.0,17100000.0,17000000.0,399240.0,261502775.0,159436.0,0.0,-131358688.0,,,,,-8450660.0,,-8450660.0,0.0,31657115.0,,
2020-06-30,2020-08-07,10-Q,"United States Natural Gas Fund, LP",UNG,CIK0001376227,USD,,,,,405449.0,,416948017.0,,,328821241.0,,415226860.0,,141756.0,,,146355856.0,268871004.0,,,104118.0,33366.0,,,193217.0,,,595544.0,-102525960.0,,0.0,,,,,,,,,,,,,,,,,603045.0,,0.0,,368750955.0,33570751.0,,416948017.0,,383377266.0,37384588.0,581249.0,3645.0,,,,,-72716711.0,,-2.18,,,,-2.18,,,19695.0,,,1515344.0,,111750.0,,42070.0,,383377266.0,,,7000000.0,10500000.0,287490.0,,192575.0,0.0,-71201367.0,,,,,30575360.0,,,,33313159.0,,
2020-09-30,2020-11-06,10-Q,"United States Natural Gas Fund, LP",UNG,CIK0001376227,USD,,,,,556366.0,,327773284.0,,,281249136.0,,342750945.0,,160277.0,,,321607945.0,21143000.0,,,58452.0,3392.0,,,165013.0,,,369980.0,74366067.0,,0.0,,,,,,,,,,,,,,,,,125322.0,,5272.0,,,11250154.0,,327773284.0,,316523130.0,27884588.0,551554.0,4959.0,,,,,53354021.0,,1.73,,,,1.1,,,19075.0,,,1218674.0,,101400.0,,32000.0,,316523130.0,,,8000000.0,17500000.0,186090.0,,162876.0,0.0,54572695.0,,,,,-20009146.0,,,,30816110.0,,
2020-12-31,2021-02-26,10-K,"United States Natural Gas Fund, LP",UNG,CIK0001376227,USD,,,,,664001.0,,426159914.0,,,342942967.0,,440482567.0,-18515884.0,143993.0,,,419339567.0,21143000.0,,,832573.0,186.0,,0.0,212102.0,,,1879043.0,-206518620.0,,0.0,,,8959.0,,,-140084.0,-5124.0,,,,,,0.0,,-364200.0,,1846120.0,,14186.0,,,11563407.0,,426159914.0,,414596507.0,45084588.0,2413189.0,5567.0,190131377.0,,-208647261.0,,-253379911.0,-202815769.0,-6.11,-7.71,,,-2.15,,,83030.0,,,6631139.0,,364200.0,587711.0,158070.0,,414596507.0,,,86500000.0,67700000.0,103290.0,1003414098.0,647911.0,1000.0,-246748772.0,,,,,6313791.0,,6313791.0,,33208424.0,,
2021-03-31,2021-05-07,10-Q,"United States Natural Gas Fund, LP",UNG,CIK0001376227,USD,,,,,415282.0,,274468229.0,,,249255606.0,,268057128.0,-172425439.0,140806.0,,,74014128.0,194043000.0,,,8170.0,4644.0,,,150051.0,,,257862.0,8956980.0,,0.0,-638.0,,-13812.0,,,4458.0,,,,,,,-1000.0,,-81000.0,,21859.0,,374.0,,,719349.0,,274468229.0,,273748880.0,28484588.0,520978.0,4929.0,-180165827.0,,7740388.0,,28791269.0,,0.82,,,,0.41,,,18891.0,,,1016829.0,,81000.0,,40000.0,,273748880.0,,,7000000.0,23600000.0,22290.0,67579718.0,125074.0,0.0,29808098.0,,,,,20781089.0,,20781089.0,0.0,35046810.0,,
2021-06-30,2021-08-06,10-Q,"United States Natural Gas Fund, LP",UNG,CIK0001376227,USD,,,,,511598.0,,291274225.0,,,213657411.0,,263657411.0,,151607.0,,,85714411.0,177943000.0,,,11714.0,3762.0,,5051707.0,130543.0,,,178268.0,55364120.0,,0.0,,,,,,,,,,,,,,,,,5409.0,,1212.0,,,13464289.0,,291274225.0,,277809936.0,21784588.0,389286.0,3940.0,,,,,75726322.0,,3.08,,,,3.14,,,19092.0,,,908693.0,,22290.0,,11000.0,,277809936.0,,,21500000.0,6700000.0,0.0,,290024.0,0.0,76635015.0,,,,,21242772.0,,,,24564588.0,,
2021-09-30,2021-11-05,10-Q,"United States Natural Gas Fund, LP",UNG,CIK0001376227,USD,,,,,515057.0,,414494240.0,,,290109363.0,,384223531.0,,163720.0,,,209280531.0,174943000.0,,,11551.0,3731.0,,,146828.0,,,147620.0,132039470.0,,0.0,,,,,,,,,,,,,,,,,20001.0,,5916.0,,,836457.0,,414494240.0,,413657783.0,20384588.0,427786.0,4838.0,,,,,134000738.0,,7.0,,,,7.54,,,20166.0,,,755392.0,,0.0,,21000.0,,413657783.0,,,5700000.0,7100000.0,0.0,,149126.0,0.0,134756130.0,,,,,2664108.0,,,,19143284.0,,
2021-12-31,2022-02-25,10-K,"United States Natural Gas Fund, LP",UNG,CIK0001376227,USD,,,,,634674.0,,377056487.0,,,248404703.0,,375670353.0,-64812214.0,166514.0,,,132227353.0,243443000.0,,,48789.0,5336.0,,,200355.0,,,794337.0,6104950.0,,0.0,,,-8906.0,,,5150.0,,,,,,,-1000.0,,-103290.0,,70125.0,,5280.0,,,5522096.0,,377056487.0,,371534391.0,29984588.0,2024410.0,8046.0,-71989248.0,,7177034.0,,-201717927.0,18400201.0,0.69,3.19,,,-7.9,,,81479.0,,,4815036.0,,103290.0,670000.0,107000.0,,371534391.0,,,30400000.0,45500000.0,,474128846.0,693849.0,,-196902891.0,,,,,15817312.0,,15817312.0,0.0,26747876.0,4500000.0,4500000.0
