end,filed,form,Name,Ticker,CIK,Currency,AccountsPayableAndAccruedLiabilitiesCurrent,AccountsPayableAndAccruedLiabilitiesCurrentAndNoncurrent,AccountsPayableCurrent,AccountsPayableOtherCurrent,AccountsPayableTradeCurrentAndNoncurrent,AccountsReceivableNetCurrent,AccruedLiabilitiesCurrent,AdditionalPaidInCapital,AdjustmentsToAdditionalPaidInCapitalOther,AmortizationOfDebtDiscountPremium,AmortizationOfFinancingCostsAndDiscounts,Assets,AssetsCurrent,CashAndCashEquivalentsAtCarryingValue,CashAndCashEquivalentsPeriodIncreaseDecrease,CashCashEquivalentsRestrictedCashAndRestrictedCashEquivalentsPeriodIncreaseDecreaseExcludingExchangeRateEffect,CommonStockOtherSharesOutstanding,CommonStockParOrStatedValuePerShare,CommonStockSharesAuthorized,CommonStockSharesIssued,CommonStockSharesOutstanding,CommonStockValue,ConcentrationRiskPercentage1,ConversionOfStockAmountConverted1,ConvertibleNotesPayableCurrent,CostOfGoodsAndServicesSold,CostOfRevenue,CurrentIncomeTaxExpenseBenefit,CurrentStateAndLocalTaxExpenseBenefit,DebtConversionConvertedInstrumentSharesIssued1,DebtInstrumentDecreaseForgiveness,DeferredTaxAssetsLiabilitiesNet,DeferredTaxAssetsOperatingLossCarryforwards,DeferredTaxAssetsValuationAllowance,DeferredTaxLiabilitiesDeferredExpense,DepositsAssetsNoncurrent,Depreciation,DevelopmentCosts,DueToOfficersOrStockholdersCurrent,DueToRelatedPartiesCurrent,DueToRelatedPartiesCurrentAndNoncurrent,EarningsPerShareBasicAndDiluted,EffectiveIncomeTaxRateContinuingOperations,EffectiveIncomeTaxRateReconciliationAtFederalStatutoryIncomeTaxRate,GeneralAndAdministrativeExpense,GrossProfit,IncomeLossAttributableToNoncontrollingInterest,IncomeLossFromContinuingOperationsBeforeIncomeTaxesExtraordinaryItemsNoncontrollingInterest,IncomeTaxExpenseBenefit,IncomeTaxesPaidNet,IncomeTaxReconciliationChangeInDeferredTaxAssetsValuationAllowance,IncomeTaxReconciliationIncomeTaxExpenseBenefitAtFederalStatutoryIncomeTaxRate,IncomeTaxReconciliationStateAndLocalIncomeTaxes,IncreaseDecreaseInAccountsPayableAndAccruedLiabilities,IncreaseDecreaseInAccountsReceivable,IncreaseDecreaseInCustomerAdvances,IncreaseDecreaseInDueToRelatedPartiesCurrent,IncreaseDecreaseInFinanceReceivables,IncreaseDecreaseInInventories,IncreaseDecreaseInNotesPayableCurrent,InterestExpense,InterestPaidNet,InterestPayableCurrent,InventoryNet,InventoryWriteDown,Investments,LeaseAndRentalExpense,LegalFees,Liabilities,LiabilitiesAndStockholdersEquity,LiabilitiesCurrent,LoansPayableCurrent,ManagementFeeExpense,MarketingAndAdvertisingExpense,NetCashProvidedByUsedInFinancingActivities,NetCashProvidedByUsedInInvestingActivities,NetCashProvidedByUsedInOperatingActivities,NetIncomeLoss,NetIncomeLossAvailableToCommonStockholdersBasic,NotesAndLoansReceivableNetCurrent,NotesPayable,NotesPayableCurrent,NotesPayableRelatedPartiesClassifiedCurrent,OperatingCostsAndExpenses,OperatingExpenses,OperatingIncomeLoss,OperatingLossCarryforwards,OtherLoansPayable,OtherLoansPayableCurrent,OtherNonoperatingIncomeExpense,OtherSalesRevenueNet,PaymentsToAcquireOtherInvestments,PaymentsToAcquirePropertyPlantAndEquipment,PreferredStockParOrStatedValuePerShare,PreferredStockSharesAuthorized,PreferredStockSharesIssued,PreferredStockSharesOutstanding,PreferredStockValue,ProceedsFromConvertibleDebt,ProceedsFromIssuanceOfCommonStock,ProceedsFromNotesPayable,ProceedsFromOtherDebt,ProceedsFromOtherShortTermDebt,ProceedsFromRelatedPartyDebt,ProceedsFromRepaymentsOfDebt,ProceedsFromShortTermDebt,ProfitLoss,PropertyPlantAndEquipmentNet,RetainedEarningsAccumulatedDeficit,RevenueFromRelatedParties,Revenues,RevenuesNetOfInterestExpense,SalariesAndWages,SalariesWagesAndOfficersCompensation,SaleOfStockConsiderationReceivedPerTransaction,SaleOfStockNumberOfSharesIssuedInTransaction,SaleOfStockPercentageOfOwnershipAfterTransaction,SellingExpense,SellingGeneralAndAdministrativeExpense,ShareBasedCompensationArrangementByShareBasedPaymentAwardOptionsGrantsInPeriodGross,ShareBasedCompensationArrangementByShareBasedPaymentAwardOptionsOutstandingNumber,ShortTermBorrowings,ShortTermNonBankLoansAndNotesPayable,StockholdersEquity,StockholdersEquityIncludingPortionAttributableToNoncontrollingInterest,StockIssued1,StockIssuedDuringPeriodSharesIssuedForServices,StockIssuedDuringPeriodSharesRestrictedStockAwardNetOfForfeitures,StockIssuedDuringPeriodValueConversionOfConvertibleSecurities,StockIssuedDuringPeriodValueNewIssues,Supplies,WeightedAverageNumberOfShareOutstandingBasicAndDiluted
2009-12-31,2010-03-31,10-K,SENTIENT BRANDS HOLDINGS INC.,SNBH,CIK0001358633,USD,,,,,,,,,,,,,,,,,,,,,,,,,,,,,,,,,,,,,,,,,,,,,,,,,,,,,,,,,,,,,,,,,,,,,,,,,,,,,,,,,,,,,,,,,,,,,,,,,,,,,,,,,,,,,,,,,,,,,,,,,,,,-10240.0,,,,,,,,
2010-12-31,2011-03-29,10-K,SENTIENT BRANDS HOLDINGS INC.,SNBH,CIK0001358633,USD,,,,,,,,,,,,,,926.0,,,,,,,,,,,,,,,,,,,,,,,,,,,,,,,,,,,,,,,,,,,,,,,,,,,,,,,,,,,,,,,,,,,,,,,,,,,,,,,,,,,,,,,,,,,,,-2015.0,,-682105.0,,,,,,,,,,,,,,,-12255.0,,,,,0.0,,,
2011-12-31,2012-03-30,10-K,SENTIENT BRANDS HOLDINGS INC.,SNBH,CIK0001358633,USD,7359.0,7359.0,,1987.0,5372.0,,,663961.0,,,,451.0,451.0,451.0,-475.0,,,0.001,50000000.0,5889533.0,5889533.0,5889.0,,,,22300.0,,,,,,,,,,,,,,6958.0,,0.0,,,,,,-1611.0,0.0,,,,,1136.0,0.0,,0.0,,,,,,,,,,,,,451.0,14317.0,,,,0.0,,-475.0,-1611.0,,,,,,44577.0,,,,,,,24566.0,,,0.001,25000000.0,0.0,0.0,0.0,,,,,,,,,-1611.0,,-683716.0,18400.0,42966.0,,,,,,,,22277.0,,,,,-13866.0,,,,,,,,
2012-03-31,2012-05-11,10-Q,SENTIENT BRANDS HOLDINGS INC.,SNBH,CIK0001358633,USD,,14643.0,,2536.0,5372.0,,,,,,,,,216.0,-235.0,,,,,,,,,,,0.0,,,,,,,,,,,,,6735.0,,,-0.01,,,,,,939.0,0.0,,,,,326.0,-1500.0,,,,,,,,,,,,,,,,,,,,,,-235.0,939.0,,,,,,8061.0,,,,,,,0.0,,,,,,,,,,,,,,,,,,-682778.0,9000.0,9000.0,,,,,,,,8061.0,,,,,,,,,,,,,
2012-06-30,2012-08-14,10-Q,SENTIENT BRANDS HOLDINGS INC.,SNBH,CIK0001358633,USD,,5372.0,,,5372.0,,,,,,,,,216.0,,,,,,,,,,,,0.0,,,,,,,,,,,,,,,,-0.01,,,,,,2490.0,800.0,,,,,,,,,,,,,,,,,,,,,,,,,,,,,1690.0,,,,,,7310.0,,,,,,,6300.0,,,,,,,,,,,,,,,,,,-681088.0,3500.0,9800.0,,,,,,,,7310.0,,,,,,,,,,,,,
2012-09-30,2012-11-19,10-Q,SENTIENT BRANDS HOLDINGS INC.,SNBH,CIK0001358633,USD,,7268.0,,1896.0,5372.0,,,,,,,,,673.0,,,,,,,,,,,,0.0,,,,,,,,,,,,,,,,0.0,,,,,,1408.0,,,,,,,,,,,,,,,,,,,,,,,,,,,,,,1408.0,,,,,,4092.0,,,,,,,,,,,,,,,,,,,,,,,,,-679680.0,5500.0,5500.0,,,,,,,,4092.0,,,,,,,,,,,,,
2012-12-31,2013-04-15,10-K,SENTIENT BRANDS HOLDINGS INC.,SNBH,CIK0001358633,USD,13324.0,13324.0,,7912.0,5412.0,161.0,,670657.0,,,,4095.0,4095.0,3934.0,3483.0,,,0.001,50000000.0,5889533.0,5889533.0,5889.0,,,,0.0,,,,,,,233000.0,,,,,,,0.0,,0.0,0.34,,,,,-2059.0,0.0,,,,,5965.0,161.0,,-6958.0,,,,,,,,,,,,,4095.0,13324.0,,,,6696.0,,-3213.0,-2059.0,,,,,,29929.0,,,686000.0,,,,27870.0,,,0.001,25000000.0,0.0,0.0,0.0,,,,,,,,,-2059.0,,-685775.0,0.0,27870.0,,,,,,,,9929.0,,,,,-9229.0,,,,,,,,
2013-03-31,2013-05-09,10-Q,SENTIENT BRANDS HOLDINGS INC.,SNBH,CIK0001358633,USD,8790.0,8790.0,,3378.0,5412.0,161.0,,670657.0,,,,1773.0,1773.0,1612.0,-2322.0,,,0.001,50000000.0,5889533.0,5889533.0,5889.0,,,,16607.0,,,,,,,233000.0,,,,,,,,,0.0,0.34,,,,,2212.0,0.0,,,,,-4534.0,0.0,,,,,0.0,,,,,,,,,,1773.0,8790.0,,,,,,-2322.0,2212.0,,,,,,17662.0,,,684000.0,,,,0.0,,,0.001,25000000.0,2500000.0,2500000.0,0.0,,,,,,,,,,,-683563.0,19874.0,19874.0,,,,,,,,1055.0,,,,,-7017.0,,,,,,,,
2013-06-30,2013-08-16,10-Q,SENTIENT BRANDS HOLDINGS INC.,SNBH,CIK0001358633,USD,5804.0,13732.0,,,5804.0,,,670657.0,,,,508.0,508.0,1612.0,,,,0.001,50000000.0,5889533.0,5889533.0,5889.0,,,,0.0,,,,,,,234520.0,,,,,,7928.0,7928.0,,0.0,,,,,,1453.0,800.0,,,,,,,,,,,,,,,,,,,,,508.0,13732.0,,,,,,,653.0,,,,,,2886.0,,,689770.0,,,,4339.0,,,0.001,25000000.0,2500000.0,2500000.0,0.0,,,,,,,,,,,-689770.0,4339.0,4339.0,,,,,,,,2886.0,,,,,-13224.0,,,,,,,,5889533.0
2013-09-30,2013-11-14,10-Q,SENTIENT BRANDS HOLDINGS INC.,SNBH,CIK0001358633,USD,0.0,22444.0,,,,1425.0,,670657.0,,,,2150.0,2150.0,725.0,,,,0.001,50000000.0,5889533.0,5889533.0,5889.0,,,,0.0,,,,,,,234520.0,,,,,,,22444.0,22444.0,0.0,,,,,,-7870.0,800.0,,,,,,,,,,,,,,,,,,,,,2150.0,22444.0,,,,,,,-7070.0,,,,,,8031.0,,,696840.0,,,,,,,0.001,25000000.0,2500000.0,2500000.0,0.0,,,,,,,,,,,-696840.0,161.0,161.0,,,,,,,,8031.0,,,,,-20294.0,,,,,,,,5889533.0
2013-12-31,2014-03-31,10-K,SENTIENT BRANDS HOLDINGS INC.,SNBH,CIK0001358633,USD,15876.0,13324.0,,7912.0,5412.0,0.0,,670657.0,,,,1669.0,1669.0,1669.0,-2265.0,,,0.001,50000000.0,5889533.0,5889533.0,5889.0,,,,15340.0,,,800.0,,,0.0,239000.0,239000.0,,,,,,0.0,,0.0,0.34,,,,,-16991.0,0.0,,-6050.0,6050.0,,2552.0,-161.0,,,,,,,,,,,,,,,1669.0,28689.0,12813.0,,,12813.0,,-15078.0,-17791.0,,,,,,41204.0,,,704000.0,,0.0,,0.0,,,0.001,25000000.0,2500000.0,0.0,0.0,,,,12813.0,,12813.0,,,-17791.0,,-703566.0,24213.0,24213.0,,,,,,,,25864.0,,,,12813.0,-27020.0,,,,,,,,5889533.0
2014-03-31,2014-05-16,10-Q,SENTIENT BRANDS HOLDINGS INC.,SNBH,CIK0001358633,USD,9292.0,,,,,,,670657.0,,,,108.0,108.0,108.0,-1561.0,,,0.001,50000000.0,5889533.0,5889533.0,5889.0,,,,0.0,,,,,,,239985.0,,,,,,,,,0.0,0.34,,,,,-2273.0,0.0,,,,,-6584.0,,,,,,7296.0,,,,,,,,,,108.0,29401.0,20109.0,,,7296.0,,-8857.0,-2273.0,,,,,,2273.0,,,705839.0,,,,,,,0.001,25000000.0,2500000.0,2500000.0,0.0,,,,,,7296.0,,,,,-703566.0,0.0,0.0,,,,,,,,2273.0,,,,,-29293.0,,,,,,,,5889533.0
2014-06-30,2014-08-15,10-Q,SENTIENT BRANDS HOLDINGS INC.,SNBH,CIK0001358633,USD,5451.0,,,,,1425.0,,670656.0,,,,4559.0,4559.0,3134.0,,,,0.001,50000000.0,5889533.0,5889533.0,5889.0,0.0,,,0.0,,,,,,,243107.0,,,,,,,,,0.0,,,,,,-2598.0,0.0,,,,,,,,,,,,,,,,,,,,,4559.0,43035.0,37584.0,,,,,,-2598.0,,,,,,2598.0,,,715021.0,,,,,,,0.001,25000000.0,2500000.0,2500000.0,0.0,,,,,,,,,,,-715021.0,0.0,0.0,,,,,,,,2598.0,,,,,-38476.0,,,,,,,,5889533.0
2014-09-30,2014-11-14,10-Q,SENTIENT BRANDS HOLDINGS INC.,SNBH,CIK0001358633,USD,11159.0,,,,,,,670657.0,,,,1102.0,1102.0,1102.0,,,,0.001,50000000.0,5889533.0,5889533.0,5889.0,0.0,,,0.0,,,,,,,248262.0,,,,,,,,,0.0,,,,,,-11325.0,0.0,,,,,,,,,,,,,,,,,,,,,1102.0,54739.0,43580.0,,,,,,-11325.0,,,,,,11325.0,,,730183.0,,,,,,,0.001,25000000.0,,0.0,0.0,,,,,,,,,,,-730183.0,0.0,0.0,,,,,,,,11325.0,,,,,-53637.0,,,,,,,,5889533.0
2014-12-31,2015-03-31,10-K,SENTIENT BRANDS HOLDINGS INC.,SNBH,CIK0001358633,USD,10618.0,,10618.0,,,,,670657.0,,,,596.0,596.0,596.0,-1073.0,,,0.001,50000000.0,5889533.0,5889533.0,5889.0,,,,0.0,,800.0,800.0,,,0.0,250000.0,250000.0,,,,,,25420.0,,-0.01,,0.34,,,,-32584.0,0.0,,-11000.0,11000.0,,-5258.0,,,,,,,,,,,,,,,,596.0,61000.0,,,,37569.0,,-38642.0,-33384.0,,,,,,32584.0,32584.0,-32584.0,250000.0,,5411.0,,0.0,,,0.001,25000000.0,,,,,,6738.0,6738.0,30831.0,,,,,,-736950.0,0.0,0.0,,,,,,,,32584.0,,,,19551.0,-60404.0,,,,,,,,5889533.0
2015-03-31,2015-05-14,10-Q,SENTIENT BRANDS HOLDINGS INC.,SNBH,CIK0001358633,USD,,,44475.0,,,13000.0,,719772.0,,,,13070.0,13070.0,70.0,-526.0,,,0.001,50000000.0,7156600.0,7156600.0,7156.0,,,,12300.0,,,,,,,261000.0,261000.0,,,,,,,,-0.005,,0.34,,700.0,,-31383.0,,,-11000.0,11000.0,,33857.0,13000.0,,,,,,,,,,,,,,,13070.0,54475.0,,,,10000.0,,-10526.0,-31383.0,,,,,,44383.0,32083.0,,768000.0,,,,,,,0.001,25000000.0,0.0,0.0,,,,,,,10000.0,,,,,-768333.0,13000.0,13000.0,,,,,,,,32083.0,,,,10000.0,-41405.0,,50382.0,,,,,,6494929.0
2015-06-30,2015-08-12,10-Q,SENTIENT BRANDS HOLDINGS INC.,SNBH,CIK0001358633,USD,,,65074.0,,,,,719773.0,,,,584.0,584.0,584.0,,,,0.001,50000000.0,7156600.0,7156600.0,7156.0,,,,,,,,,,,278000.0,278000.0,,,,,,,,-0.01,,,,,,-48494.0,,,,,,,,,,,,,,,,,,,,,,584.0,90482.0,,,,,,,-48494.0,,,,,,48494.0,48494.0,,817000.0,,4000.0,,,,,0.001,25000000.0,0.0,0.0,,,,,,,,,,,,-816827.0,,,,,,,,,,48494.0,,,,21408.0,-89898.0,,,,,,,,6494929.0
2015-09-30,2015-11-20,10-Q,SENTIENT BRANDS HOLDINGS INC.,SNBH,CIK0001358633,USD,,,105193.0,,,,,719773.0,,,,349.0,,349.0,,,,0.001,50000000.0,7156600.0,7156600.0,7156.0,,,,,,,,,,,293000.0,293000.0,,,,,,,,-0.01,,,,,,-44467.0,,,,,,,,,,,,,,,,,,,,,,349.0,135383.0,,,,,,,-44467.0,,,,,,44467.0,44467.0,,862000.0,,4000.0,,,,,0.001,25000000.0,0.0,0.0,,,,,,,,,,,,-861963.0,,,,,,,,,,44467.0,,,,26190.0,-135034.0,,,,,,,,6938480.0
2015-12-31,2018-07-09,10-K,SENTIENT BRANDS HOLDINGS INC.,SNBH,CIK0001358633,USD,,,5190.0,,,,,723671.0,,,,421.0,421.0,421.0,-175.0,,,0.001,50000000.0,7256600.0,7256600.0,7257.0,,54382.0,,12300.0,,,,,,,,262000.0,,,,,,36090.0,,-0.01,,0.34,,700.0,,,,,-12000.0,12000.0,770000.0,-5428.0,,,,,,,,,,,,,,,41280.0,421.0,41280.0,,,,40090.0,,-40265.0,-34837.0,,,,,36090.0,,35537.0,-34837.0,262000.0,,,,,,,0.001,25000000.0,0.0,0.0,,,,,,4000.0,36090.0,,,,,-771787.0,13000.0,13000.0,,,,,,,,35537.0,,,,,-40859.0,,,,,,,,7018669.0
2016-03-31,2018-07-25,10-Q,SENTIENT BRANDS HOLDINGS INC.,SNBH,CIK0001358633,USD,,,5487.0,,,,,723671.0,,,,12.0,12.0,12.0,-409.0,,,0.001,50000000.0,7256600.0,7256600.0,7257.0,,,,,,,,,,,262000.0,262000.0,,,,,,36090.0,,0.0,,0.34,,,,-706.0,,,,,,297.0,,,,,,,,,,,,,,,,12.0,41577.0,,,,,,-409.0,-706.0,,,,,,,706.0,,770000.0,,,,,,,0.001,25000000.0,0.0,0.0,,,,,,,,,,,,-772493.0,,,,,,,,,,706.0,,,,,-41565.0,,,,,,,,7256600.0
2016-06-30,2018-08-14,10-Q,SENTIENT BRANDS HOLDINGS INC.,SNBH,CIK0001358633,USD,,,5784.0,,,,,723671.0,,,,12.0,12.0,12.0,,,,0.001,50000000.0,7256600.0,7256600.0,7257.0,,,,,,,,,,,262000.0,262000.0,,,,,,36090.0,,0.0,,,,,,-297.0,,,,,,,,,,,,,,,,,,,,,41874.0,12.0,41874.0,,,,,,,-297.0,,,,,,,297.0,,770000.0,,,,,,,0.001,25000000.0,0.0,0.0,,,,,,,,,,,,-772790.0,,,,,,,,,,297.0,,,,,-41862.0,,,,,,,,7256600.0
2016-09-30,2018-08-28,10-Q,SENTIENT BRANDS HOLDINGS INC.,SNBH,CIK0001358633,USD,,,6083.0,,,,,723671.0,,,,0.0,,,,,,0.001,50000000.0,7256600.0,7256600.0,7257.0,,,,,,,,,,,262000.0,262000.0,,,,,,36090.0,,0.0,,,,,,-311.0,,,,,,,,,,,,,,,,,,,,,42173.0,0.0,42173.0,,,,,,,-311.0,,,,,,,311.0,,770000.0,,,,,,,0.001,25000000.0,0.0,0.0,,,,,,,,,,,,-773101.0,,,,,,,,,,311.0,,,,,-42173.0,,,,,,,,7256600.0
2016-12-31,2018-10-05,10-K,SENTIENT BRANDS HOLDINGS INC.,SNBH,CIK0001358633,USD,,,6378.0,,,,,723671.0,,,,,,,-421.0,,,0.001,50000000.0,7256600.0,7256600.0,7257.0,,,,,,,,,,,,263000.0,,,,,,36090.0,,0.0,,0.34,,,,,,,-1000.0,1000.0,772000.0,1188.0,,,,,,,,,,,,,,,42468.0,,42468.0,,,,,,-421.0,-1609.0,,,,,36090.0,,1609.0,-1609.0,263000.0,,,,,,,0.001,25000000.0,0.0,0.0,,,,,,,,,,,,-773396.0,,,,,,,,,,1609.0,,,,,-42468.0,,,,,,,,7256600.0
2017-03-31,2018-11-05,10-Q,SENTIENT BRANDS HOLDINGS INC.,SNBH,CIK0001358633,USD,,,6675.0,,,,,723671.0,,,,,,,,,,0.001,50000000.0,7256600.0,7256600.0,7257.0,,,,,,,,,,,263000.0,263000.0,,,,,,36090.0,,0.0,,0.34,,,,-297.0,,,,,,297.0,,,,,,,,,,,,,,,,,42765.0,,,,,,,-297.0,,,,,,,297.0,,772000.0,,,,,,,0.001,25000000.0,0.0,0.0,,,,,,,,,,,,-773693.0,,,,,,,,,,297.0,,,,,-42765.0,,,,,,,,7256600.0
2017-06-30,2018-11-05,10-Q,SENTIENT BRANDS HOLDINGS INC.,SNBH,CIK0001358633,USD,,,6774.0,,,,,723671.0,,,,,,,,,,0.001,50000000.0,7256600.0,7256600.0,7257.0,,,,,,,,,,,263000.0,263000.0,,,,,,36090.0,,0.0,,,,,,-99.0,,,,,,,,,,,,,,,,,,,,,42864.0,,42864.0,,,,,,,-99.0,,,,,,,99.0,,772000.0,,,,,,,0.001,25000000.0,0.0,0.0,,,,,,,,,,,,-773792.0,,,,,,,,,,99.0,,,,,-42864.0,,,,,,,,7256600.0
2017-09-30,2018-11-06,10-Q,SENTIENT BRANDS HOLDINGS INC.,SNBH,CIK0001358633,USD,,,6774.0,,,,,723671.0,,,,,,,,,,0.001,50000000.0,7256600.0,7256600.0,7257.0,,,,,,,,,,,263000.0,263000.0,,,,,,36090.0,,0.0,,,,,,,,,,,,,,,,,,,,,,,,,,,42864.0,,42864.0,,,,,,,,,,,,,,,,772000.0,,,,,,,0.001,25000000.0,0.0,0.0,,,,,,,,,,,,-773792.0,,,,,,,,,,,,,,,-42864.0,,,,,,,,7256600.0
2017-12-31,2018-11-29,10-K,SENTIENT BRANDS HOLDINGS INC.,SNBH,CIK0001358633,USD,,,23204.0,,,,,723671.0,,,,0.0,,,,,,0.001,50000000.0,7256600.0,7256600.0,7257.0,,,,,,,,,,,166000.0,166000.0,,,,,,36090.0,,0.0,,0.34,,,,,,,-4000.0,4000.0,789000.0,16826.0,,,,,,,,,,,,,,,,0.0,59294.0,,,,,,,-16826.0,,,,,36090.0,,16826.0,-16826.0,166000.0,,,,,,,0.001,25000000.0,0.0,0.0,,,,,,,,,,,,-790222.0,,,,,,,,,,16826.0,,,,,-59294.0,,,,,,,,7256600.0
2018-03-31,2019-01-22,10-Q,SENTIENT BRANDS HOLDINGS INC.,SNBH,CIK0001358633,USD,,,25501.0,,,,,723671.0,,,,0.0,,,,,,0.001,50000000.0,7256600.0,7256600.0,7257.0,,,,,,,,,,,166000.0,166000.0,103000.0,,,,,36090.0,,-0.01,,0.21,,,,-2297.0,,,,,,2297.0,,,,,,,,,,,,,,,,0.0,61591.0,,,,,,,-2297.0,,,,,,,2297.0,-2297.0,791000.0,,,,,,,0.001,25000000.0,0.0,0.0,,,,,,,,,,,,-792519.0,,,,,,,,,,2297.0,,,,,-61591.0,,,,,,,,7256600.0
2018-06-30,2019-03-25,10-Q,SENTIENT BRANDS HOLDINGS INC.,SNBH,CIK0001358633,USD,,,21292.0,,,,,759761.0,36090.0,,,0.0,,,,,,0.001,50000000.0,7256600.0,7256600.0,7257.0,,,,,,,,,,,173000.0,173000.0,103000.0,,,,,,,0.0,,,,,,-33214.0,,,,,,,,,,,,,,,,,,,,,,0.0,58715.0,,,,,,,-33214.0,,,,,,,33214.0,,825000.0,,37423.0,,,,,0.001,25000000.0,0.0,0.0,,,,,,,,,,,,-825733.0,,,,,,,,,,33214.0,,,,,-58715.0,,,,,,,,7256600.0
2018-09-30,2019-04-03,10-Q,SENTIENT BRANDS HOLDINGS INC.,SNBH,CIK0001358633,USD,,,24254.0,,,,,759761.0,,,,0.0,,,,,,0.001,50000000.0,7256600.0,7256600.0,7257.0,,,,,,,,,,,177000.0,177000.0,103000.0,,,,,,,0.0,,,,,,-16714.0,,,,,,,,,,,,,,,,,,,,,,0.0,75429.0,,,,,,,-16714.0,,,,,,,16714.0,,842000.0,,51175.0,,,,,0.001,25000000.0,0.0,0.0,,,,,,,,,,,,-842447.0,,,,,,,,,,16714.0,,,,,-75429.0,,,,,,,,7256600.0
2018-12-31,2019-08-29,10-K,SENTIENT BRANDS HOLDINGS INC.,SNBH,CIK0001358633,USD,,,26662.0,,,,,759761.0,36090.0,,,65172.0,53129.0,53129.0,53129.0,,,0.001,50000000.0,7256600.0,7256600.0,7257.0,,,,,,7000.0,,,36090.0,,186000.0,186000.0,,12043.0,,,,,,-0.01,,0.21,,,,-94961.0,,4002.0,-20000.0,7000.0,885000.0,3458.0,,,,,,,,,,,,,,,,65172.0,183337.0,,,,156675.0,-12043.0,-91503.0,-94961.0,,,,,,,94961.0,-94961.0,186000.0,220804.0,156675.0,,,12043.0,,0.001,25000000.0,0.0,0.0,,,,,,156675.0,,,,,,-885183.0,,,,,,,,,,94961.0,0.0,0.0,,,-118165.0,-118165.0,,,,,,,7256600.0
2019-03-31,2019-09-10,10-Q,SENTIENT BRANDS HOLDINGS INC.,SNBH,CIK0001358633,USD,,,43254.0,,,,,759761.0,,,,32267.0,17168.0,2502.0,-50627.0,,,0.001,50000000.0,7256600.0,7256600.0,7257.0,,,,,,,,,,,,196000.0,103000.0,12043.0,,,,,,-0.007,,0.21,11647.0,,,,,,,,935000.0,16592.0,,,,14666.0,,,,,,,,,,21258.0,,32267.0,199929.0,,16592.0,,,-3056.0,-47571.0,-49497.0,,14666.0,,,,,49497.0,-49497.0,196000.0,,156675.0,,,,3056.0,0.001,25000000.0,0.0,0.0,,,,,,,,,,,3056.0,-934680.0,,,,,,,,,,49497.0,,,,,-167662.0,-167662.0,,,,,,,7256600.0
2019-06-30,2019-09-27,10-Q,SENTIENT BRANDS HOLDINGS INC.,SNBH,CIK0001358633,USD,,,73254.0,,,,,759761.0,,,,45645.0,30546.0,12935.0,,,,0.001,50000000.0,7256600.0,7256600.0,7257.0,,,,,,,,,,,204000.0,53013.0,103000.0,12043.0,,,,,,-0.005,,,2122.0,,,-36622.0,,,,,,,,,,,,,,,,,,,,4500.0,,45645.0,249929.0,,30000.0,,,,,-36622.0,,17611.0,,,,,36622.0,-36622.0,53013.0,,176675.0,,,,,0.001,25000000.0,0.0,0.0,,,,,,,,,,,3056.0,-971302.0,,,,,,,,,,36622.0,,,,,-204284.0,-204284.0,,,,,,,7256600.0
2019-09-30,2019-12-11,10-Q,SENTIENT BRANDS HOLDINGS INC.,SNBH,CIK0001358633,USD,,,94233.0,,,,,759761.0,,,,32455.0,17611.0,,,,,0.001,50000000.0,7256600.0,7256600.0,7257.0,,,,,,,,,,,213000.0,213000.0,103000.0,12043.0,,,,,,-0.006,,,5690.0,,,-44169.0,,,,,,,,,,,,,,,,,,,,7000.0,,32455.0,280908.0,,31479.0,,,,,-44169.0,,17611.0,,,,,44169.0,-44169.0,1016000.0,,186675.0,,,,,0.001,25000000.0,0.0,0.0,,,,,,,,,,,2801.0,-1015471.0,,,,,,,,,,44169.0,,,,,-248453.0,-248453.0,,,,,,,7256600.0
2019-12-31,2020-05-29,10-K,SENTIENT BRANDS HOLDINGS INC.,SNBH,CIK0001358633,USD,147468.0,,147468.0,,,,10000.0,905604.0,,,,164224.0,149635.0,9024.0,-44105.0,-44105.0,,0.001,50000000.0,7975003.0,7975003.0,7975.0,,,70758.0,,,,,,0.0,,,273040.0,,12043.0,509.0,,,240803.0,,-0.034,,0.21,71778.0,,,-252443.0,,,,,1138000.0,120806.0,,-123000.0,,17611.0,,,23236.0,,,,,,,48758.0,,164224.0,388271.0,,108071.0,600.0,230690.0,-3056.0,-271739.0,-252443.0,,17611.0,,170045.0,,,229207.0,-229207.0,273040.0,240803.0,240803.0,-23236.0,,,3056.0,0.001,25000000.0,0.0,0.0,,,146562.0,,,84128.0,,84128.0,,,2546.0,-1137626.0,,,,,120000.0,,,,,229207.0,0.0,0.0,,,-224047.0,-224047.0,,,718403.0,,146561.0,123000.0,7321720.0
2020-03-31,2020-06-29,10-Q,SENTIENT BRANDS HOLDINGS INC.,SNBH,CIK0001358633,USD,,,134576.0,,,67500.0,10000.0,1433879.0,,,,296055.0,243444.0,47633.0,-5496.0,-5496.0,,0.001,50000000.0,7762363.0,7762363.0,7095.0,,,,3958.0,3958.0,,,,,,,,,12043.0,755.0,,,,,-0.007,0.21,,40070.0,2825.0,-7214.0,,,,,,,-40000.0,,-11874.0,,-17611.0,,,,,,27542.0,,10000.0,14477.0,131009.0,,296055.0,355380.0,,61849.0,30852.0,390685.0,,-396181.0,-362673.0,-355459.0,,,,,,306920.0,-304095.0,,,220804.0,-58578.0,,,3056.0,0.001,25000000.0,0.0,0.0,,,410685.0,,,-20000.0,,-20000.0,,-362673.0,40568.0,-1500299.0,,6783.0,6783.0,,,,,,9974.0,,,,,,-59326.0,-59325.0,,,,,400000.0,134874.0,52711029.0
2020-06-30,2020-08-14,10-Q,SENTIENT BRANDS HOLDINGS INC.,SNBH,CIK0001358633,USD,,,111341.0,,,67500.0,10000.0,1376884.0,-55995.0,,,305566.0,254210.0,14276.0,,,,0.001,50000000.0,7254588.0,7254588.0,7254.0,,,,5551.0,5551.0,,,,,,,164437.0,,12043.0,,,,220804.0,,-0.004,,,89151.0,6719.0,,,,,,,,,,,,,,,,,,27560.0,,10000.0,1874.0,88724.0,,305566.0,588645.0,,91177.0,1310.0,,,,-226496.0,,,,,,,291793.0,-285074.0,164437.0,,256500.0,58578.0,,,,0.001,25000000.0,1000000.0,1000000.0,1000.0,,,,,,,,,-167918.0,39313.0,-1668217.0,,12270.0,,,,,,,12046.0,,,,,,-283080.0,-283079.0,,,,,159.0,134874.0,50782116.0
2020-09-30,2020-11-23,10-Q,SENTIENT BRANDS HOLDINGS INC.,SNBH,CIK0001358633,USD,,,119892.0,,,67500.0,10000.0,1376884.0,,,,291869.0,241768.0,1834.0,,,,0.001,50000000.0,7254588.0,7254588.0,7254.0,,,,,,,,,,,,354730.0,,12043.0,,,,220805.0,,0.0,,,5323.0,166.0,,,,,,,,,,,,,,,,,,27560.0,,10000.0,,11400.0,,291869.0,597197.0,,5692.0,,,,,-22249.0,,,,,,,22415.0,-22249.0,354730.0,,256500.0,,,,,0.001,25000000.0,1000000.0,1000000.0,1000.0,,,,,,,,,-44169.0,38058.0,-1690466.0,,166.0,,,,,,,,,,,,,-327249.0,-305328.0,,,,,,134874.0,52711029.0
2020-12-31,2021-04-15,10-K,SENTIENT BRANDS HOLDINGS INC.,SNBH,CIK0001358633,USD,246100.0,,,,,,10000.0,1333567.0,-56155.0,,,259743.0,222940.0,68047.0,,59023.0,50782116.0,0.001,50000000.0,50782116.0,50782116.0,50571.0,,,170758.0,4724.0,,,,,,,,358200.0,,,5020.0,,,,,-0.114,,0.21,135654.0,2293.0,,,,,,,1953887.0,111261.0,,-11874.0,,-17611.0,27560.0,,,,36672.0,,12042.0,,16351.0,342016.0,828492.0,259743.0,828492.0,,210636.0,32162.0,808061.0,-39277.0,-709761.0,-816261.0,,,,180134.0,,,787589.0,-785296.0,358200.0,,,-30965.0,,,39277.0,0.001,25000000.0,1000000.0,1000000.0,1000.0,,471560.0,80001.0,,,,,256500.0,,36803.0,-1953887.0,,7017.0,,,120000.0,,,,22020.0,,,,231500.0,,-568749.0,,,,718403.0,,400000.0,154893.0,7154602.0
2021-03-31,2021-05-17,10-Q,SENTIENT BRANDS HOLDINGS INC.,SNBH,CIK0001358633,USD,369097.0,,,,,,,1333356.0,,,,306670.0,271122.0,12318.0,,-55729.0,,0.001,500000000.0,50782116.0,50782116.0,50782.0,,,240134.0,,,,,,,,,427809.0,,,1255.0,,,,,-0.002,,0.21,4861.0,,,,,,,,,122997.0,,154893.0,,,258804.0,,,,43741.0,258804.0,,,40.0,66807.0,,306670.0,961489.0,,21000.0,,10000.0,,-65729.0,-86070.0,,,,120758.0,,,92820.0,-92820.0,427809.0,,,6750.0,,,,0.001,25000000.0,1000000.0,1000000.0,1000.0,,,,,,,10000.0,,-86070.0,35548.0,-2039957.0,,,,,120000.0,,,,,,,,231500.0,,-654819.0,,,,718403.0,,,,50782116.0
2021-06-30,2021-08-23,10-Q,SENTIENT BRANDS HOLDINGS INC.,SNBH,CIK0001358633,USD,214215.0,,,,,,,1333356.0,,2630.0,,302040.0,267747.0,8966.0,,,,0.001,500000000.0,51670387.0,51670387.0,51882.0,,,473389.0,23.0,,,,,,,,450006.0,,,,,,,,-0.003,,,5624.0,102.0,,,,,,,,,,,,,,,43266.0,,50742.0,258781.0,,,418.0,55070.0,,302040.0,1099238.0,,21000.0,12800.0,,,,-143479.0,,,,180134.0,,,140951.0,-140849.0,450006.0,,,,,,,0.001,25000000.0,1000000.0,1000000.0,1000.0,,,,,,,,,-143479.0,34293.0,-2183436.0,,125.0,,,,,,,,,,,231500.0,,-797198.0,,,,,,1100.0,,50782116.0
2021-09-30,2021-11-22,10-Q,SENTIENT BRANDS HOLDINGS INC.,SNBH,CIK0001358633,USD,271216.0,,,,,,,1333567.0,,3949.0,,324671.0,291633.0,32852.0,,,51670387.0,0.001,50000000.0,,,51671.0,,,483536.0,,,,,,,,,,,,,268.0,,,,-0.003,,,25264.0,,,,,,,,,,,,,,,,19575.0,,,258781.0,,,366.0,104499.0,1296790.0,324671.0,1296790.0,,21000.0,,,,,-174921.0,,,185538.0,310538.0,,,170972.0,-170972.0,,,,,,,,0.001,25000000.0,,,,,,,,,,,,-174921.0,33038.0,-2358357.0,,,,,,,,,,,,,231500.0,,-972119.0,,,,,,,,51670387.0
