end,filed,form,Name,Ticker,CIK,Currency,AccountsPayableCurrent,AccountsReceivableNetCurrent,AccruedLiabilitiesCurrent,AccumulatedDepreciationDepletionAndAmortizationPropertyPlantAndEquipment,AccumulatedOtherComprehensiveIncomeLossNetOfTax,AdditionalPaidInCapital,AdjustmentsToAdditionalPaidInCapitalOther,AllowanceForDoubtfulAccountsReceivable,AmortizationOfIntangibleAssets,Assets,AssetsCurrent,Cash,CashAndCashEquivalentsAtCarryingValue,CashAndCashEquivalentsPeriodIncreaseDecrease,CommonStockholdersEquity,CommonStockParOrStatedValuePerShare,CommonStockSharesIssued,CommonStockSharesOutstanding,CommonStockValue,ComprehensiveIncomeNetOfTax,ConstructionInProgressGross,CostOfGoodsAndServicesSold,CostOfRevenue,DepositsAssetsNoncurrent,Depreciation,DueToRelatedPartiesCurrent,DueToRelatedPartiesCurrentAndNoncurrent,DueToRelatedPartiesNoncurrent,EarningsPerShareBasicAndDiluted,EffectiveIncomeTaxRateReconciliationAtFederalStatutoryIncomeTaxRate,EffectOfExchangeRateOnCashAndCashEquivalents,EmployeeRelatedLiabilitiesCurrent,FiniteLivedIntangibleAssetsAccumulatedAmortization,FiniteLivedIntangibleAssetsNet,ForeignCurrencyTransactionGainLossBeforeTax,GeneralAndAdministrativeExpense,GrossProfit,GroundLeasesAccumulatedAmortization,ImpairmentOfLongLivedAssetsHeldForUse,IncomeTaxExpenseBenefitContinuingOperations,IncomeTaxesPaid,IncomeTaxReconciliationChangeInDeferredTaxAssetsValuationAllowance,IncomeTaxReconciliationForeignIncomeTaxRateDifferential,IncomeTaxReconciliationIncomeTaxExpenseBenefitAtFederalStatutoryIncomeTaxRate,IncreaseDecreaseInAccountsPayable,IncreaseDecreaseInAccountsPayableAndAccruedLiabilities,IncreaseDecreaseInAccountsReceivable,IncreaseDecreaseInAccruedLiabilitiesAndOtherOperatingLiabilities,IncreaseDecreaseInInventories,IncreaseDecreaseInPrepaidDeferredExpenseAndOtherAssets,InterestExpenseRelatedParty,InterestIncomeExpenseNet,InterestIncomeExpenseNonoperatingNet,InterestPaid,InterestPayableCurrent,InventoryFinishedGoods,InventoryNet,InventoryRawMaterials,InventoryWorkInProcess,InventoryWriteDown,Land,Liabilities,LiabilitiesAndStockholdersEquity,LiabilitiesCurrent,MachineryAndEquipmentGross,NetCashProvidedByUsedInFinancingActivities,NetCashProvidedByUsedInFinancingActivitiesContinuingOperations,NetCashProvidedByUsedInInvestingActivities,NetCashProvidedByUsedInInvestingActivitiesContinuingOperations,NetCashProvidedByUsedInOperatingActivities,NetCashProvidedByUsedInOperatingActivitiesContinuingOperations,NetIncomeLoss,NonoperatingIncomeExpense,OperatingExpenses,OperatingIncomeLoss,OtherAccruedLiabilitiesCurrent,OtherAssetsNoncurrent,OtherComprehensiveIncomeForeignCurrencyTransactionAndTranslationAdjustmentNetOfTaxPeriodIncreaseDecrease,OtherComprehensiveIncomeLossForeignCurrencyTransactionAndTranslationAdjustmentNetOfTax,OtherEmployeeRelatedLiabilitiesCurrent,OtherInventorySupplies,OtherLiabilitiesCurrent,OtherNoncashExpense,OtherNonoperatingIncome,OtherOperatingActivitiesCashFlowStatement,OtherPrepaidExpenseCurrent,PaymentsForOtherDeposits,PaymentsToAcquireIntangibleAssets,PaymentsToAcquireIntangibleAssets,PaymentsToAcquirePropertyPlantAndEquipment,PreferredStockParOrStatedValuePerShare,PreferredStockSharesAuthorized,PreferredStockSharesIssued,PreferredStockSharesOutstanding,PreferredStockValue,PrepaidExpenseAndOtherAssetsCurrent,PrepaidTaxes,ProceedsFromRelatedPartyDebt,ProceedsFromRepaymentsOfRelatedPartyDebt,ProceedsFromRepaymentsOfShortTermDebt,ProceedsFromShortTermDebt,PropertyPlantAndEquipmentGross,PropertyPlantAndEquipmentNet,PropertyPlantAndEquipmentOther,ProvisionForDoubtfulAccounts,RelatedPartyTransactionRate,RepaymentOfNotesReceivableFromRelatedParties,RepaymentsOfShortTermDebt,RetainedEarningsAccumulatedDeficit,Revenues,SalesRevenueNet,SellingExpense,ShortTermBorrowings,StockholdersEquity,WeightedAverageNumberOfShareOutstandingBasicAndDiluted
2009-12-31,2010-03-31,10-K,"UNIVERSAL SOLAR TECHNOLOGY, INC.",UNSS,CIK0001434389,USD,,,,,,,,,,,,,1115047.0,,,,,,,,,,,,,,,,,,,,,,,,,2886300.0,,,,,,,,,,,,,,,,,,,,,,,,,,,,,,,,,,,,,,,,,,,,,,,,,,,,,,,,,,,,,,,,,,,,,,,,,,,,-357001.0,
2010-06-30,2010-08-16,10-Q,"UNIVERSAL SOLAR TECHNOLOGY, INC.",UNSS,CIK0001434389,USD,,,,,,,,,,,,,911276.0,,,,,,,-190736.0,,,,,,,,,-0.01,,,,,,-1419.0,189327.0,,,,,,,,,,,,,,,,,-16868.0,,,,,,,,,,,,,,,,,,,-207614.0,,189327.0,-189327.0,,,16878.0,,,,,,,,,,,,,,,,,,,,,,,,,,,,,,,,,,,,,
2010-09-30,2010-11-15,10-Q,"UNIVERSAL SOLAR TECHNOLOGY, INC.",UNSS,CIK0001434389,USD,,,,,,,,,,,,,126125.0,,,,,,,-142814.0,,598721.0,,,,,,,-0.01,,,,,,-49.0,90259.0,10779.0,,,,,,,,,,,,,,,,-28082.0,,,,,,,,,,,,,,,,,,,-164877.0,,147525.0,-136746.0,,,22063.0,,,,,,,,,,,,,,,,,,,,,,,,,,,,,,,,,609500.0,57266.0,,,
2010-12-31,2011-03-30,10-K,"UNIVERSAL SOLAR TECHNOLOGY, INC.",UNSS,CIK0001434389,USD,786038.0,30455.0,,177584.0,52109.0,620812.0,66986.0,,10932.0,9306256.0,1847504.0,,392958.0,-722089.0,-844093.0,0.0001,22599974.0,22599974.0,2260.0,-554078.0,690182.0,2175467.0,,75452.0,174021.0,31832.0,,6818439.0,-0.02,,106403.0,,22777.0,414541.0,-3203.0,597670.0,221372.0,,,,,,,,1018721.0,,30455.0,,523304.0,624899.0,,,-115053.0,9805.0,,,469079.0,,,98660.0,,10150349.0,9306256.0,3331910.0,,3168906.0,,-3594252.0,,-403146.0,,-593808.0,,696924.0,-475552.0,,75452.0,39730.0,,,,,66986.0,,,,,,,3594252.0,0.0001,10000000.0,0.0,0.0,,955012.0,,,,2121212.0,,,6278577.0,,,,1047694.0,,-1519274.0,,2396839.0,99254.0,2121212.0,-844093.0,
2011-03-31,2011-05-06,10-Q,"UNIVERSAL SOLAR TECHNOLOGY, INC.",UNSS,CIK0001434389,USD,,,,,,,,,914.0,,,,69602.0,-323356.0,,,,,,-256108.0,,915945.0,,,121252.0,,,,-0.01,,458.0,,,,-1442.0,174279.0,39066.0,,,,,,,,-258787.0,,152.0,,607546.0,104137.0,,,-111614.0,,,,,,,,,,,,,797744.0,,-12720.0,,-1108838.0,,-260382.0,,186392.0,-147326.0,,,4274.0,,,,,,,,,7843.0,,,4877.0,,,,,,,,,,,456042.0,,,,,,341702.0,,,,955011.0,12113.0,,,
2011-06-30,2011-08-12,10-Q,"UNIVERSAL SOLAR TECHNOLOGY, INC.",UNSS,CIK0001434389,USD,508301.0,210567.0,,438746.0,87327.0,620812.0,,,,10552899.0,2977630.0,,238725.0,,,0.0001,22599974.0,22599974.0,2260.0,-962253.0,775171.0,1477235.0,,91978.0,,343544.0,,11063284.0,-0.04,,,,27491.0,419063.0,-543.0,201557.0,-709200.0,,,,,,,,,,,,,,81241.0,,-97592.0,,,,1330278.0,,,,,12615353.0,10552899.0,1552069.0,,,,,,,,-993197.0,,207668.0,-916868.0,,,30944.0,30944.0,,,,,21263.0,,,,,,,0.0001,10000000.0,0.0,0.0,,1198060.0,,,,,,,6289057.0,,,,,,-2772853.0,,768035.0,6111.0,464145.0,-2062454.0,22599974.0
2011-09-30,2011-11-08,10-Q,"UNIVERSAL SOLAR TECHNOLOGY, INC.",UNSS,CIK0001434389,USD,356530.0,66636.0,,584872.0,108818.0,620812.0,,,,10421990.0,2646706.0,,38487.0,,,0.0001,22599974.0,22599974.0,2260.0,-610259.0,887037.0,1421033.0,,108939.0,,348149.0,,11191176.0,-0.03,,,,30039.0,422501.0,-422.0,150765.0,-343226.0,,,,,,,,,,,,,,103000.0,,-133799.0,,,,1488447.0,,,,,13094703.0,10421990.0,1903527.0,,,,,,,,-631750.0,,159107.0,-502333.0,,,21491.0,21491.0,,,,,4804.0,,,,,,,0.0001,10000000.0,0.0,0.0,,1053136.0,,,,,,,6356807.0,,,,,,-3404603.0,,1077807.0,8342.0,470367.0,-2672713.0,22599974.0
2011-12-31,2012-04-04,10-K,"UNIVERSAL SOLAR TECHNOLOGY, INC.",UNSS,CIK0001434389,USD,310899.0,331507.0,,772270.0,102317.0,620812.0,,0.0,8535.0,10343107.0,2239330.0,1234.0,44474.0,-348484.0,-3498282.0,0.0001,22599974.0,22599974.0,2260.0,-2654189.0,191427.0,4780016.0,,,570714.0,352801.0,11776972.0,11776972.0,-0.12,,3179.0,,32650.0,425937.0,-2609.0,740499.0,-1497746.0,,0.0,0.0,0.0,677077.0,269462.0,-946539.0,-499933.0,,291732.0,506239.0,548192.0,123045.0,,,-458377.0,114431.0,356094.0,250800.0,735540.0,402251.0,35870.0,310920.0,425937.0,13841389.0,10343107.0,2064417.0,5317612.0,3273417.0,,-854189.0,,-2770891.0,,-2704397.0,,774341.0,-2272087.0,,,50208.0,50208.0,269234.0,46619.0,298737.0,,26067.0,,,,,,854189.0,0.0001,10000000.0,0.0,0.0,0.0,1127809.0,851407.0,,,-1701991.0,,8258683.0,7486413.0,135710.0,0.0,0.035,4975408.0,1701991.0,-4223671.0,,3282270.0,33842.0,476652.0,-3498282.0,22599974.0
2012-03-31,2012-05-14,10-Q,"UNIVERSAL SOLAR TECHNOLOGY, INC.",UNSS,CIK0001434389,USD,627747.0,494437.0,,923327.0,101547.0,620812.0,,,2181.0,10489577.0,2526335.0,,106166.0,61692.0,,0.0001,22599974.0,22599974.0,2260.0,-439760.0,213272.0,526947.0,,,152673.0,471695.0,,11772887.0,-0.02,,636.0,,34815.0,423509.0,-176.0,166488.0,-151912.0,,,,0.0,,,,316402.0,,162799.0,154940.0,273480.0,-33402.0,,,-117903.0,0.0,,,832034.0,,,176755.0,,14427619.0,10489577.0,2654732.0,,119181.0,,-19209.0,,-38916.0,,-438990.0,,169175.0,-321087.0,,,-770.0,-770.0,,,,,,,,,,,0.0,0.0001,10000000.0,,,,1093698.0,,,,,,,7326461.0,,,,119181.0,,-4662661.0,,375035.0,2687.0,476380.0,-3938042.0,22599974.0
2012-06-30,2012-08-13,10-Q,"UNIVERSAL SOLAR TECHNOLOGY, INC.",UNSS,CIK0001434389,USD,399143.0,268066.0,,1079907.0,100097.0,620812.0,,,,9971305.0,2387637.0,,67861.0,,,0.0001,22599974.0,22599974.0,2260.0,-352302.0,219257.0,250089.0,,,,1018495.0,12878646.0,11860151.0,-0.02,,,,36689.0,417632.0,,221356.0,-6926.0,,,,,,,,,,,,,,110481.0,,-124753.0,,,,866708.0,,,,,14261649.0,9971305.0,2401498.0,,,,,,,,-350852.0,,226167.0,-233093.0,,,,-1450.0,,,,,6994.0,,,,,,,0.0001,10000000.0,,,,1185002.0,967817.0,,,,,,6946779.0,,,,,,-5013513.0,,243163.0,4811.0,,-4290344.0,22599974.0
2012-09-30,2012-11-13,10-Q,"UNIVERSAL SOLAR TECHNOLOGY, INC.",UNSS,CIK0001434389,USD,242222.0,175262.0,,1254546.0,91079.0,620812.0,,,,11465972.0,3960489.0,,1356854.0,,,0.0001,22599974.0,22599974.0,2260.0,-277838.0,221731.0,19770.0,,,,1284130.0,14656854.0,13372724.0,-0.01,,,,42318.0,420697.0,-362.0,127233.0,-19770.0,,,,,,,,,,,,,,120000.0,,-120024.0,,,,1314287.0,,,,,16034152.0,11465972.0,2661428.0,,,,,,,,-268820.0,,137802.0,-157572.0,,,,-9018.0,,,,,9138.0,,,,,,,0.0001,10000000.0,,,,1114086.0,1014817.0,,,,,,6863055.0,,,,,,-5282331.0,,0.0,10569.0,0.0,-4568180.0,22599974.0
2012-12-31,2013-03-28,10-K,"UNIVERSAL SOLAR TECHNOLOGY, INC.",UNSS,CIK0001434389,USD,257646.0,171439.0,402838.0,384950.0,72191.0,620812.0,,61384.0,8768.0,6372883.0,2656044.0,1234.0,160927.0,116453.0,,0.0001,22599974.0,22599974.0,2260.0,-5693636.0,292130.0,1354488.0,1354488.0,,644573.0,826928.0,14077389.0,14077389.0,-0.25,0.25,7689.0,164186.0,41864.0,421420.0,,709955.0,-704872.0,,3755416.0,0.0,0.0,1418902.0,563327.0,-1982229.0,-55728.0,,-100797.0,295641.0,852813.0,-13604.0,463788.0,-23211.0,-486999.0,36688.0,826928.0,813508.0,1198096.0,273737.0,67117.0,403501.0,421420.0,15564801.0,6372883.0,1487412.0,556249.0,1353837.0,1353837.0,44064.0,44064.0,-1289137.0,-1289137.0,-5663510.0,16132.0,4487771.0,-5192643.0,238652.0,,,-30126.0,164186.0,43734.0,238652.0,,16132.0,,61756.0,,,,106508.0,0.0001,10000000.0,0.0,0.0,0.0,1125582.0,1063826.0,1829328.0,,,,3388239.0,3003289.0,137102.0,60614.0,0.035,1829328.0,475491.0,-9887181.0,649616.0,649616.0,22400.0,0.0,-9191918.0,22599974.0
2013-03-31,2013-05-20,10-Q,"UNIVERSAL SOLAR TECHNOLOGY, INC.",UNSS,CIK0001434389,USD,245202.0,77188.0,,435893.0,59840.0,620812.0,,,2223.0,5551578.0,1867520.0,,43162.0,-117765.0,,0.0001,22599974.0,22599974.0,2260.0,-833693.0,293038.0,604018.0,604018.0,,49651.0,,14105398.0,14105398.0,-0.04,0.25,310.0,,44220.0,420503.0,,93049.0,-604018.0,,,,0.0,,,,-13220.0,,-94602.0,-5489.0,8530.0,12884.0,122928.0,99.0,-122829.0,0.0,,,605182.0,,,604018.0,,15577189.0,5551578.0,1471791.0,,521.0,521.0,-7625.0,-7625.0,-110971.0,-110971.0,-821342.0,,94495.0,-698513.0,,,,-12351.0,,,,,,,,,,,7625.0,0.0001,10000000.0,0.0,0.0,0.0,1141988.0,1079708.0,,521.0,,,,2970517.0,,,,521.0,,-10708523.0,,0.0,1446.0,,-10025611.0,22599974.0
2013-06-30,2013-08-14,10-Q,"UNIVERSAL SOLAR TECHNOLOGY, INC.",UNSS,CIK0001434389,USD,242814.0,42538.0,,491672.0,-17972.0,620812.0,,,,5569800.0,1894471.0,,66172.0,,,0.0001,22599974.0,22599974.0,2260.0,-335189.0,296543.0,0.0,,,,,14316856.0,14316856.0,-0.01,,,,46953.0,423327.0,,141444.0,0.0,,,,,,,,,,,,,,124786.0,24.0,-124762.0,,,,630923.0,,,,,15930600.0,5569800.0,1613744.0,,,,,,,,-257377.0,8829.0,141444.0,-141444.0,,,,-77812.0,,,,,8829.0,,,,,,,0.0001,10000000.0,0.0,0.0,0.0,1154838.0,1097052.0,,,,,,2955459.0,,,,,,-10965900.0,,0.0,0.0,,-10360800.0,22599974.0
2013-09-30,2013-11-12,10-Q,"UNIVERSAL SOLAR TECHNOLOGY, INC.",UNSS,CIK0001434389,USD,238990.0,29837.0,,543430.0,-36956.0,620812.0,,,,5487151.0,1842932.0,,4794.0,,,0.0001,22599974.0,22599974.0,2260.0,-324508.0,297387.0,0.0,,,,,,14348234.0,-0.01,,,,49359.0,422259.0,0.0,107928.0,0.0,,,,,,,,,,,,,,124763.0,25.0,-124738.0,,,,645973.0,,,,,16100268.0,5487151.0,1752034.0,,,,,,,,-233333.0,,108595.0,-108595.0,,,,-91175.0,,,,,0.0,,,,,,,0.0001,10000000.0,0.0,0.0,0.0,1162328.0,1104392.0,,,,,,2924573.0,,,,,,-11199233.0,,0.0,667.0,,-10613117.0,22599974.0
2013-12-31,2014-04-14,10-K,"UNIVERSAL SOLAR TECHNOLOGY, INC.",UNSS,CIK0001434389,USD,128560.0,19145.0,283879.0,593311.0,-110272.0,620812.0,,37776.0,8999.0,5587490.0,1947496.0,,12250.0,-148677.0,,0.0001,22599974.0,22599974.0,2260.0,-1471188.0,300644.0,,493310.0,,194127.0,1348701.0,14489456.0,14489456.0,-0.06,,-9347.0,92043.0,52222.0,424561.0,,459513.0,-334235.0,,,,,329139.0,121915.0,-451054.0,-134505.0,,-179892.0,372832.0,-285136.0,-6444.0,499078.0,-1180.0,,,1348701.0,589405.0,764267.0,83916.0,65414.0,176432.0,,16250596.0,5587490.0,1761140.0,,,105886.0,,-20840.0,,-224376.0,-1288725.0,8829.0,463061.0,-797296.0,191836.0,,,-182463.0,,25532.0,283879.0,,,,56449.0,,,,20840.0,0.0001,10000000.0,0.0,0.0,,1151834.0,1095385.0,105886.0,,,,3508100.0,2914789.0,,-25008.0,,,,-11175906.0,159075.0,,3548.0,,-10663106.0,22599974.0
2014-03-31,2014-05-20,10-Q,"UNIVERSAL SOLAR TECHNOLOGY, INC.",UNSS,CIK0001434389,USD,125189.0,37446.0,,622212.0,69336.0,620812.0,,,2484.0,4893746.0,1395927.0,,4248.0,-8002.0,,0.0001,22599974.0,22599974.0,2260.0,-36365.0,292774.0,,444000.0,,45260.0,,13726635.0,13726635.0,-0.01,0.25,-210.0,,53055.0,411011.0,,92883.0,-455.0,,,,,,,,-6.0,,19153.0,141734.0,-444480.0,-76793.0,122197.0,-159.0,,,1443474.0,,307930.0,,,,,15593216.0,4893746.0,1866581.0,,,-483411.0,,,,475619.0,-215973.0,,93162.0,-93617.0,,,,179608.0,,,297918.0,,,,53133.0,,,,,0.0001,10000000.0,0.0,0.0,,1046303.0,993170.0,,-483411.0,,,,2794034.0,,,,,,-11391878.0,443545.0,,279.0,,-10699470.0,22599974.0
2014-06-30,2014-08-19,10-Q,"UNIVERSAL SOLAR TECHNOLOGY, INC.",UNSS,CIK0001434389,USD,87421.0,48162.0,,668329.0,51485.0,620812.0,,,,4855268.0,1397005.0,,2440.0,,,0.0001,22599974.0,22599974.0,2260.0,-219976.0,293378.0,,2454.0,,,,,13817485.0,-0.01,,,,55418.0,409844.0,,95362.0,14872.0,,,,,,,,,,,,,,121637.0,2.0,,,1568025.0,,301419.0,,,,,15774715.0,4855268.0,1957230.0,,,,,,,,-202125.0,,95362.0,-80490.0,,,,-17851.0,,,301784.0,,,,53419.0,,,,,0.0001,10000000.0,,,,1044984.0,991565.0,,,,,,2755041.0,,,,,,-11594004.0,17326.0,,,,-10919447.0,22599974.0
2014-09-30,2014-11-18,10-Q,"UNIVERSAL SOLAR TECHNOLOGY, INC.",UNSS,CIK0001434389,USD,88147.0,147774.0,,717224.0,77916.0,620812.0,,,,4784133.0,1342775.0,,4192.0,,,0.0001,22599974.0,22599974.0,2260.0,-221098.0,295815.0,,152223.0,,,,,13860722.0,-0.01,,,,58126.0,411000.0,,60365.0,-66660.0,,,,,,,,,,,,,,116898.0,3.0,,,1686446.0,,148503.0,,,,,15924678.0,4784133.0,2063956.0,,,,,,,,-247529.0,,63974.0,-130634.0,,,,26431.0,,,289363.0,,,,56666.0,,,,,0.0001,10000000.0,,,,1042306.0,985640.0,,,,,,2734543.0,,,,,,-11841533.0,85563.0,,3609.0,,-11140545.0,22599974.0
