end,filed,form,Name,Ticker,CIK,Currency,AccountsPayableAndAccruedLiabilitiesCurrent,AccountsPayableAndOtherAccruedLiabilitiesCurrent,AccountsPayableCurrent,AccountsReceivableNetCurrent,AccruedInsuranceCurrent,AccruedPayrollTaxesCurrent,AccruedProfessionalFeesCurrent,AccumulatedDepreciationDepletionAndAmortizationPropertyPlantAndEquipment,AdditionalPaidInCapital,AdjustmentsToAdditionalPaidInCapitalSharebasedCompensationRequisiteServicePeriodRecognitionValue,AdjustmentsToReconcileNetIncomeLossToCashProvidedByUsedInOperatingActivities,AllocatedShareBasedCompensationExpense,AllowanceForDoubtfulAccountsReceivable,AmortizationOfDebtDiscountPremium,AmortizationOfDeferredLoanOriginationFeesNet,AntidilutiveSecuritiesExcludedFromComputationOfEarningsPerShareAmount,Assets,AssetsCurrent,BusinessAcquisitionProFormaEarningsPerShareBasic,BusinessAcquisitionProFormaEarningsPerShareDiluted,BusinessAcquisitionsProFormaNetIncomeLoss,Cash,CashAcquiredFromAcquisition,CashAndCashEquivalentsAtCarryingValue,CashCashEquivalentsRestrictedCashAndRestrictedCashEquivalents,CashCashEquivalentsRestrictedCashAndRestrictedCashEquivalentsPeriodIncreaseDecreaseExcludingExchangeRateEffect,CashCashEquivalentsRestrictedCashAndRestrictedCashEquivalentsPeriodIncreaseDecreaseIncludingExchangeRateEffect,CashEquivalentsAtCarryingValue,CashFDICInsuredAmount,CommitmentsAndContingencies,CommodityContractAssetCurrent,CommonStockParOrStatedValuePerShare,CommonStockSharesAuthorized,CommonStockSharesIssued,CommonStockSharesOutstanding,CommonStockValue,CostOfRevenue,CostsAndExpenses,CustomerLoyaltyProgramLiabilityCurrent,DebtInstrumentFaceAmount,DebtInstrumentInterestRateDuringPeriod,DeferredCostsCurrent,DeferredFederalIncomeTaxExpenseBenefit,DeferredFinanceCostsNet,DeferredIncomeTaxExpenseBenefit,DeferredOfferingCosts,DeferredRevenueCurrent,DeferredRevenueRevenueRecognized1,DeferredStateAndLocalIncomeTaxExpenseBenefit,DeferredTaxAssetsGross,DeferredTaxAssetsGrossCurrent,DeferredTaxAssetsNet,DeferredTaxAssetsOperatingLossCarryforwards,DeferredTaxAssetsTaxDeferredExpenseCompensationAndBenefitsOther,DeferredTaxAssetsTaxDeferredExpenseCompensationAndBenefitsShareBasedCompensationCost,DeferredTaxAssetsValuationAllowance,DepositAssets,Depreciation,DepreciationAndAmortization,EarningsPerShareBasic,EarningsPerShareBasicAndDiluted,EarningsPerShareDiluted,EffectiveIncomeTaxRateContinuingOperations,EffectiveIncomeTaxRateReconciliationAtFederalStatutoryIncomeTaxRate,EffectiveIncomeTaxRateReconciliationChangeInDeferredTaxAssetsValuationAllowance,EffectiveIncomeTaxRateReconciliationChangeInEnactedTaxRate,EffectiveIncomeTaxRateReconciliationDeductions,EffectiveIncomeTaxRateReconciliationStateAndLocalIncomeTaxes,EmployeeBenefitsAndShareBasedCompensation,EmployeeServiceShareBasedCompensationNonvestedAwardsTotalCompensationCostNotYetRecognized,GeneralAndAdministrativeExpense,GrossProfit,IncomeLossAttributableToParent,IncomeLossFromContinuingOperationsBeforeIncomeTaxesExtraordinaryItemsNoncontrollingInterest,IncomeTaxExaminationPenaltiesAndInterestExpense,IncomeTaxExpenseBenefit,IncomeTaxesPaid,IncomeTaxesPaidNet,IncomeTaxReconciliationChangeInDeferredTaxAssetsValuationAllowance,IncreaseDecreaseInAccountsPayableAndAccruedLiabilities,IncreaseDecreaseInAccountsReceivable,IncreaseDecreaseInContractWithCustomerAsset,IncreaseDecreaseInDeferredCharges,IncreaseDecreaseInDeferredRevenue,IncreaseDecreaseInPrepaidDeferredExpenseAndOtherAssets,InterestExpense,InterestExpenseDebt,InterestIncomeExpenseNet,InterestPaid,InterestPaidNet,InvestmentIncomeInterest,Liabilities,LiabilitiesAndStockholdersEquity,LiabilitiesCurrent,LiabilityForUncertainTaxPositionsCurrent,LineOfCredit,LoansPayable,LoansPayableCurrent,LongTermDebtNoncurrent,LongTermLoansPayable,LossContingencyLossInPeriod,NetCashProvidedByUsedInFinancingActivities,NetCashProvidedByUsedInInvestingActivities,NetCashProvidedByUsedInOperatingActivities,NetIncomeLoss,NetIncomeLossAvailableToCommonStockholdersBasic,OperatingExpenses,OperatingIncomeLoss,OperatingLeasePayments,OperatingLeasesFutureMinimumPaymentsDueCurrent,OperatingLeasesFutureMinimumPaymentsDueInFiveYears,OperatingLeasesFutureMinimumPaymentsDueInFourYears,OperatingLeasesFutureMinimumPaymentsDueInThreeYears,OperatingLeasesFutureMinimumPaymentsDueInTwoYears,OperatingLeasesFutureMinimumPaymentsDueThereafter,OperatingLeasesRentExpenseNet,OperatingLossCarryforwards,OtherAccruedLiabilitiesCurrent,OtherDeferredCostsNet,OtherIncome,OtherLoansPayableCurrent,OtherLoansPayableLongTerm,OtherNoncashIncomeExpense,OtherPrepaidExpenseCurrent,OtherResearchAndDevelopmentExpense,PaymentsForFilmCosts,PaymentsForLoans,PaymentsForRepurchaseOfInitialPublicOffering,PaymentsOfDividends,PaymentsOfDividendsCommonStock,PaymentsOfFinancingCosts,PaymentsOfLoanCosts,PaymentsToAcquirePropertyPlantAndEquipment,PreferredStockParOrStatedValuePerShare,PreferredStockSharesAuthorized,PreferredStockSharesIssued,PreferredStockSharesOutstanding,PreferredStockValue,PrepaidExpenseAndOtherAssetsCurrent,PrepaidInsurance,PrepaidRent,ProceedsFromIssuanceInitialPublicOffering,ProceedsFromIssuanceOfCommonStock,ProceedsFromIssuanceOfDebt,ProceedsFromIssuanceOrSaleOfEquity,ProceedsFromLoans,ProceedsFromRelatedPartyDebt,ProceedsFromSaleOfPropertyPlantAndEquipment,ProceedsFromStockOptionsExercised,ProceedsFromWarrantExercises,ProFormaWeightedAverageSharesOutstandingDiluted,ProfitLoss,PropertyPlantAndEquipmentGross,PropertyPlantAndEquipmentNet,RecapitalizationCosts,RepaymentsOfDebt,ResearchAndDevelopmentExpense,RestrictedCash,RestrictedCashAndCashEquivalents,RetainedEarningsAccumulatedDeficit,RetentionPayable,Revenues,SellingGeneralAndAdministrativeExpense,ShareBasedCompensation,ShareBasedCompensationArrangementByShareBasedPaymentAwardFairValueAssumptionsExpectedDividendRate,ShareBasedCompensationArrangementByShareBasedPaymentAwardFairValueAssumptionsExpectedVolatilityRate,ShareBasedCompensationArrangementByShareBasedPaymentAwardFairValueAssumptionsRiskFreeInterestRate,ShareBasedCompensationArrangementByShareBasedPaymentAwardNonOptionEquityInstrumentsExercised,ShareBasedCompensationArrangementByShareBasedPaymentAwardOptionsExercisableNumber,ShareBasedCompensationArrangementByShareBasedPaymentAwardOptionsForfeituresAndExpirationsInPeriod,ShareBasedCompensationArrangementByShareBasedPaymentAwardOptionsForfeituresAndExpirationsInPeriodWeightedAverageExercisePrice,ShareBasedCompensationArrangementByShareBasedPaymentAwardOptionsGrantsInPeriodGross,ShareBasedCompensationArrangementByShareBasedPaymentAwardOptionsGrantsInPeriodWeightedAverageGrantDateFairValue,ShareBasedCompensationArrangementByShareBasedPaymentAwardOptionsOutstandingIntrinsicValue,ShareBasedCompensationArrangementByShareBasedPaymentAwardOptionsOutstandingNumber,ShareBasedCompensationArrangementByShareBasedPaymentAwardOptionsOutstandingWeightedAverageExercisePrice,ShareBasedCompensationArrangementByShareBasedPaymentAwardOptionsVestedAndExpectedToVestExercisableAggregateIntrinsicValue,ShareBasedCompensationArrangementsByShareBasedPaymentAwardOptionsExercisesInPeriodWeightedAverageExercisePrice,ShareBasedCompensationArrangementsByShareBasedPaymentAwardOptionsGrantsInPeriodWeightedAverageExercisePrice,SharebasedCompensationArrangementBySharebasedPaymentAwardEquityInstrumentsOtherThanOptionsAggregateIntrinsicValueOutstanding,SharebasedCompensationArrangementBySharebasedPaymentAwardOptionsVestedNumberOfShares,SharebasedCompensationArrangementBySharebasedPaymentAwardOptionsVestedWeightedAverageGrantDateFairValue,SharePrice,SharesOutstanding,StockholdersEquity,StockIssuedDuringPeriodSharesIssuedForServices,StockIssuedDuringPeriodSharesNewIssues,StockIssuedDuringPeriodSharesShareBasedCompensation,StockIssuedDuringPeriodSharesStockOptionsExercised,StockIssuedDuringPeriodValueIssuedForServices,StockIssuedDuringPeriodValueNewIssues,StockIssuedDuringPeriodValueShareBasedCompensation,StockIssuedDuringPeriodValueStockOptionsExercised,StockOptionPlanExpense,StockRepurchasedDuringPeriodValue,SupplementalInformationForPropertyCasualtyInsuranceUnderwritersAmortizationOfDeferredPolicyAcquisitionCosts,ValuationAllowanceDeferredTaxAssetChangeInAmount,WarrantExercisePriceIncrease,WeightedAverageBasicSharesOutstandingProForma,WeightedAverageNumberOfDilutedSharesOutstanding,WeightedAverageNumberOfSharesOutstandingBasic
2019-12-31,2020-05-29,10-K,"Odyssey Semiconductor Technologies, Inc.",ODII,CIK0001781405,USD,218005.0,,90720.0,1480.0,14982.0,51115.0,51115.0,9909.0,3017940.0,,397000.0,62099.0,0.0,,,745966.0,2076147.0,1501178.0,-0.18,-0.18,-1458169.0,697141.0,2483.0,,798283.0,,773271.0,0.0,346746.0,0.0,543944.0,0.0001,45000000.0,11159661.0,11159661.0,1116.0,589640.0,112000.0,56759.0,,,111548.0,-161805.0,,-212570.0,83983.0,312378.0,,-50765.0,213000.0,212570.0,0.0,200000.0,0.0,13000.0,213000.0,20958.0,,5341.0,-0.18,,-0.18,0.0,0.21,-0.27,0.276,-0.006,0.066,,487000.0,,130211.0,,-1458169.0,0.0,0.0,0.0,,213000.0,-37052.0,-690.0,214882.0,104627.0,312378.0,145026.0,,,1236.0,0.0,,1236.0,530383.0,2076147.0,530383.0,0.0,100000.0,,0.0,,0.0,0.0,2198962.0,-364522.0,-1061169.0,-1458169.0,,1589616.0,-1459405.0,16667.0,50000.0,,200004.0,200004.0,200004.0,183337.0,72788.0,725000.0,4429.0,,,,0.0,,7638.0,,,,16129.0,200000.0,,,,367005.0,0.0001,5000000.0,0.0,0.0,0.0,147065.0,100061.0,908.0,-16129.0,,,2445603.0,,,0.0,,148202.0,8264416.0,,399754.0,389845.0,2483.0,,155527.0,101141.0,798282.0,-1473292.0,0.0,719851.0,1434089.0,580178.0,0.0,,,,0.0,,,590000.0,0.93,0.0,590000.0,1.5,,,1.5,,,0.93,,,1545764.0,,,525000.0,,,2429474.0,525000.0,,62099.0,,,-212570.0,1.5,8264416.0,8264416.0,8264416.0
2020-03-31,2020-06-26,10-Q,"Odyssey Semiconductor Technologies, Inc.",ODII,CIK0001781405,USD,350524.0,,238366.0,221366.0,7491.0,,44374.0,,3081820.0,63880.0,299918.0,63880.0,,,,1120966.0,1782051.0,976461.0,-0.05,-0.05,-502495.0,250669.0,,,351810.0,-446473.0,-446473.0,0.0,,,201184.0,0.0001,45000000.0,11159661.0,11159661.0,1116.0,212832.0,,43723.0,,,166033.0,,,,104724.0,324378.0,,,,,,,,,,20958.0,13000.0,13273.0,-0.05,,-0.05,,,,0.0,,,,900000.0,32000.0,-7021.0,-502495.0,-502495.0,,,,,,132519.0,219886.0,-342760.0,54485.0,12000.0,-9857.0,,,0.0,,0.0,,,1782051.0,674902.0,,100000.0,,,,,0.0,-20743.0,,-202577.0,-502495.0,,495460.0,-502481.0,16667.0,200004.0,,,200004.0,200004.0,400008.0,,,16570.0,,,,,,40891.0,27000.0,0.0,,,,,,,223153.0,0.0001,5000000.0,0.0,0.0,,137209.0,65360.0,0.0,,,0.0,0.0,,,,,148202.0,11159661.0,-502495.0,,599725.0,,0.0,182424.0,101141.0,351810.0,-1975787.0,,205811.0,313036.0,63880.0,0.0,0.78,0.0082,,,0.0,,375000.0,,,965000.0,1.5,,,1.5,,0.0,1.2,,,1107149.0,,,,0.0,,,,,,,,,1.5,11159661.0,11159661.0,11159661.0
2020-06-30,2020-08-13,10-Q,"Odyssey Semiconductor Technologies, Inc.",ODII,CIK0001781405,USD,321947.0,,195412.0,139260.0,,60314.0,,,3198433.0,116613.0,,116613.0,,,,,1695680.0,834643.0,,,,246026.0,,,348273.0,,,0.0,,,113598.0,0.0001,45000000.0,11159661.0,11159661.0,1116.0,1000.0,,38072.0,,,256882.0,,,,124723.0,374377.0,,,,,,,,,,20958.0,,,-0.04,,-0.04,,,,,,,79000.0,757000.0,69000.0,-137633.0,-495086.0,,,,,,,,,,,,,,,0.0,,,,967004.0,1695680.0,696324.0,,100000.0,,0.0,,,,,,,-495086.0,,358363.0,-495996.0,,200000.0,200000.0,200000.0,200000.0,200000.0,183000.0,,,28149.0,,,,270680.0,,5750.0,9000.0,,,,,,,,,0.0001,5000000.0,0.0,0.0,0.0,78877.0,52169.0,,,,,,271000.0,,,,,,-495086.0,,634067.0,,,140846.0,102247.0,348273.0,-2470873.0,,260189.0,217517.0,116613.0,,,,,,,,,,,965000.0,1.5,,,,,,,,,728676.0,,,,,,,,,,,,,,,11159661.0,11159661.0
2020-09-30,2020-11-13,10-Q,"Odyssey Semiconductor Technologies, Inc.",ODII,CIK0001781405,USD,311640.0,,187546.0,185898.0,,57747.0,,,3577823.0,148781.0,,148781.0,,,,,1997869.0,842739.0,,,,370220.0,,,473030.0,,,0.0,,0.0,113212.0,0.0001,45000000.0,11313411.0,11313411.0,1131.0,43000.0,,42920.0,683405.0,,82001.0,,4484.0,,124723.0,206378.0,,,,,,,,,,43705.0,30400.0,,-0.03,,-0.03,,,,,,,180000.0,3600000.0,101000.0,140155.0,,,,,,,,,,,,,,893.0,1400.0,-893.0,,,,1196939.0,1997869.0,573630.0,,100000.0,678921.0,55612.0,,623309.0,,,,,-307151.0,,446413.0,-306258.0,,50000.0,200000.0,200000.0,200000.0,200000.0,183000.0,,,23427.0,,0.0,,,-893.0,5751.0,36000.0,,,,,,,,,0.0001,5000000.0,,0.0,0.0,91408.0,41952.0,,,,,,685000.0,,,,,,-307151.0,,927597.0,,,107323.0,102810.0,473030.0,-2778024.0,,636070.0,339090.0,,,,,,,,,,,,3373660.0,1.5,,,,,,,,,800930.0,,,,,,,,230624.0,,,,,,,11199703.0,11199703.0
2020-12-31,2021-04-08,10-K,"Odyssey Semiconductor Technologies, Inc.",ODII,CIK0001781405,USD,187046.0,187046.0,80548.0,10877.0,0.0,46650.0,,121219.0,4046370.0,,1267029.0,623457.0,0.0,,4560.0,3413376.0,1654064.0,564508.0,,,,272705.0,,,375855.0,,-422428.0,0.0,22705.0,,62273.0,0.0001,45000000.0,11429661.0,11429661.0,1143.0,1453005.0,185000.0,49045.0,679866.0,,185084.0,,4408.0,,0.0,260447.0,,,756000.0,,0.0,526000.0,64000.0,166000.0,756000.0,,,111311.0,-0.18,,-0.18,0.0,0.21,-0.371,,0.095,0.066,,3300000.0,,-78585.0,,,0.0,,,,545000.0,-30959.0,9397.0,-481671.0,73536.0,-51931.0,-92538.0,,5000.0,-3306.0,,2200.0,,1122951.0,1654064.0,501351.0,0.0,100000.0,675458.0,53858.0,621600.0,621600.0,0.0,1040566.0,-686915.0,-776079.0,-2043108.0,,1961217.0,-2039802.0,16667.0,200000.0,,200000.0,200000.0,200000.0,183000.0,215028.0,2100000.0,10803.0,185000.0,,53858.0,,,,,,,,,,,,686915.0,0.0001,5000000.0,0.0,0.0,0.0,33569.0,33569.0,,,,,,,,,405000.0,,11229966.0,,1107626.0,986407.0,,,607148.0,103149.0,375854.0,-3516400.0,,1374420.0,1354069.0,623457.0,0.0,0.78,,,,,,2937410.0,,,3257410.0,1.5,,1.5,1.5,,,1.2,,,531113.0,,,,270000.0,,,,405000.0,,,,,,11229966.0,,
2021-03-31,2021-05-17,10-Q,"Odyssey Semiconductor Technologies, Inc.",ODII,CIK0001781405,USD,280793.0,,140212.0,170.0,,60111.0,,203360.0,9392652.0,,693776.0,678918.0,,,,3457481.0,6278034.0,5208054.0,,,,4907753.0,,,5010915.0,4635061.0,,0.0,,,0.0,0.0001,45000000.0,12726911.0,12726911.0,1272.0,,,41802.0,659250.0,,260411.0,,4180.0,,,359758.0,,,,,,,,,,,40000.0,40978.0,-0.08,,-0.08,,,,,,,,2700000.0,643000.0,-151884.0,-895111.0,,,,,,,93747.0,-10707.0,-62273.0,75327.0,99311.0,6151.0,,4400.0,-4396.0,,1600.0,,1295621.0,6278034.0,699954.0,0.0,100000.0,655070.0,59403.0,,595667.0,0.0,4857557.0,,-201335.0,-895111.0,,949511.0,-1101395.0,16667.0,,200000.0,200000.0,200000.0,200000.0,183000.0,,,38668.0,,,,,,,3000.0,407445.0,,,,,,,21161.0,0.0001,5000000.0,,0.0,0.0,39720.0,37220.0,,,,193625.0,5006500.0,,960000.0,,,,,-895111.0,1128787.0,925427.0,,3561.0,153037.0,103162.0,5010915.0,-4411511.0,,230969.0,796474.0,678918.0,0.0,0.78,,45625.0,,0.0,,0.0,,,3211785.0,1.5,,1.5,,,,,,,4982413.0,,,,,,5006500.0,,68438.0,,,,,,,11354130.0,11354130.0
2021-06-30,2021-08-13,10-Q,"Odyssey Semiconductor Technologies, Inc.",ODII,CIK0001781405,USD,144836.0,,31621.0,4545.0,,56357.0,,,9929130.0,,,223155.0,,,,,5097013.0,4068411.0,,,,4002228.0,,4000000.0,4105403.0,,,0.0,,,0.0,0.0001,45000000.0,12726911.0,12726911.0,1272.0,5000.0,,32945.0,650341.0,,21782.0,,3952.0,,,101980.0,200000.0,,,,,,,,,,,,-0.1,0.08,-0.1,,,,,,,545000.0,3100000.0,501000.0,-74264.0,-1315083.0,,,,,,,,,,,,,,,-5451.0,,,,893205.0,5097013.0,314671.0,,100000.0,646389.0,67855.0,,578534.0,,,,,-313323.0,,1238394.0,-1312658.0,,,200000.0,200000.0,200000.0,200000.0,350000.0,,,23913.0,22000.0,,67855.0,,,,39000.0,,,,,,,,,0.0001,5000000.0,,0.0,0.0,39856.0,39856.0,,,,,,,,,,,,-1001760.0,,925427.0,,,466042.0,103175.0,,313323.0,,287153.0,772352.0,536478.0,,,,,,,,,,,3600031.0,1.74,1400000.0,,,3300000.0,,,,,4203808.0,,,,,,,,,,,,,,,12726911.0,12726911.0
2021-09-30,2021-11-18,10-Q,"Odyssey Semiconductor Technologies, Inc.",ODII,CIK0001781405,USD,119205.0,119205.0,29850.0,48045.0,,61803.0,,245166.0,9837157.0,,,221350.0,,,,,4495831.0,3497676.0,,,,3409429.0,,3410000.0,3512617.0,,,0.0,,,,0.0001,45000000.0,12726911.0,12726911.0,1272.0,2000.0,,13130.0,635855.0,,4941.0,,3724.0,,,30000.0,,,,,,,,,,,42000.0,,-0.06,,-0.06,,,,,,,221000.0,1300000.0,192000.0,126983.0,,,,,,,,,,,,,,4560.0,5000.0,,,,,781336.0,4495831.0,226483.0,,100000.0,632131.0,77278.0,,554853.0,,,,,-710663.0,,858099.0,-731116.0,,,200000.0,200000.0,200000.0,200000.0,350000.0,,,14422.0,5000.0,25013.0,77278.0,,20453.0,,27000.0,,,,,,,,,0.0001,5000000.0,0.0,0.0,0.0,35261.0,35261.0,,,,,,,,,,,,-710663.0,1140133.0,894967.0,,,454658.0,103188.0,3512617.0,-6123934.0,,174952.0,403441.0,,,,,,,,,,,,1688871.0,2.0,413000.0,,,547000.0,,,,,3714495.0,,,,,,,,,,,,,,,12726911.0,12726911.0
