end,filed,form,Name,Ticker,CIK,Currency,AccountsPayable,AccountsPayableCurrent,AccountsPayableInterestBearingCurrent,AccruedLiabilities,AccruedLiabilitiesCurrent,AccumulatedDepreciationDepletionAndAmortizationPropertyPlantAndEquipment,AdditionalPaidInCapital,AdditionalPaidInCapitalCommonStock,AdjustmentForAmortization,AdjustmentsNoncashItemsToReconcileNetIncomeLossToCashProvidedByUsedInOperatingActivities,AdjustmentsToAdditionalPaidInCapitalOther,AdvertisingExpense,AmortizationOfIntangibleAssets,Assets,AssetsCurrent,AssetsNoncurrent,CapitalizedComputerSoftwareGross,Cash,CashAndCashEquivalentsAtCarryingValue,CashAndCashEquivalentsPeriodIncreaseDecrease,CashEquivalentsAtCarryingValue,CashFDICInsuredAmount,CommonStockParOrStatedValuePerShare,CommonStockSharesAuthorized,CommonStockSharesIssued,CommonStockSharesOutstanding,CommonStockValue,CostOfGoodsSold,CostOfRevenue,DebtConversionOriginalDebtAmount1,DeferredCosts,DeferredCostsCurrentAndNoncurrent,DeferredRevenueRefundPayments,Depreciation,DepreciationDepletionAndAmortization,DepreciationExpense,DueToRelatedPartiesCurrent,DueToRelatedPartiesNoncurrent,EarningsPerShareBasic,EarningsPerShareBasicAndDiluted,EffectiveIncomeTaxRateContinuingOperations,EffectiveIncomeTaxRateReconciliationAtFederalStatutoryIncomeTaxRate,EffectiveIncomeTaxRateReconciliationDeductions,EffectiveIncomeTaxRateReconciliationDeductionsOther,EffectiveIncomeTaxRateReconciliationDispositionOfAssets,EffectiveIncomeTaxRateReconciliationOtherAdjustments,EffectiveIncomeTaxRateReconciliationStateAndLocalIncomeTaxes,ExtinguishmentOfDebtAmount,FiniteLivedIntangibleAssetsAccumulatedAmortization,FiniteLivedIntangibleAssetsAmortizationExpense,FiniteLivedIntangibleAssetsAmortizationExpenseAfterYearFive,FiniteLivedIntangibleAssetsAmortizationExpenseNextTwelveMonths,FiniteLivedIntangibleAssetsAmortizationExpenseYearFive,FiniteLivedIntangibleAssetsAmortizationExpenseYearFour,FiniteLivedIntangibleAssetsAmortizationExpenseYearThree,FiniteLivedIntangibleAssetsAmortizationExpenseYearTwo,FiniteLivedIntangibleAssetsFutureAmortizationExpense,FiniteLivedIntangibleAssetsGross,FiniteLivedIntangibleAssetsNet,FutureAmortizationExpenseAfterYearFive,FutureAmortizationExpenseRemainderOfFiscalYear,FutureAmortizationExpenseYearFive,FutureAmortizationExpenseYearFour,FutureAmortizationExpenseYearOne,FutureAmortizationExpenseYearThree,FutureAmortizationExpenseYearTwo,GainLossOnSaleOfOtherAssets,GainLossRelatedToLitigationSettlement,GainsLossesOnExtinguishmentOfDebt,GeneralAndAdministrativeExpense,GrossProfit,ImpairmentOfLongLivedAssetsToBeDisposedOf,IncomeLossBeforeExtraordinaryItemsAndCumulativeEffectOfChangeInAccountingPrinciple,IncomeLossFromContinuingOperations,IncomeLossFromContinuingOperationsBeforeIncomeTaxesDomestic,IncomeLossFromContinuingOperationsBeforeIncomeTaxesExtraordinaryItemsNoncontrollingInterest,IncomeLossIncludingPortionAttributableToNoncontrollingInterest,IncomeTaxExpenseBenefit,IncomeTaxesPaidNet,IncreaseDecreaseInAccountsPayableAndAccruedLiabilities,IncreaseDecreaseInAccruedLiabilitiesAndOtherOperatingLiabilities,IncreaseDecreaseInAccruedTaxesPayable,IncreaseDecreaseInDeferredCharges,IncreaseDecreaseInNotesPayableRelatedPartiesCurrent,IncreaseDecreaseInOperatingCapital,IncreaseDecreaseInOperatingLiabilities,IncreaseDecreaseInPrepaidExpense,IntangibleAssetsNetExcludingGoodwill,InterestAndDebtExpense,InterestAndDividendsPayableCurrent,InterestExpense,InterestPaid,InterestPayableCurrent,InvestmentIncomeNet,LaborAndRelatedExpense,Liabilities,LiabilitiesAndStockholdersEquity,LiabilitiesCurrent,MachineryAndEquipmentGross,MediumtermNotesCurrent,NetCashProvidedByUsedInFinancingActivities,NetCashProvidedByUsedInInvestingActivities,NetCashProvidedByUsedInOperatingActivities,NetIncomeLoss,NetIncomeLossIncludingPortionAttributableToNonredeemableNoncontrollingInterest,NonoperatingIncomeExpense,NotesPayableCurrent,OperatingExpenses,OperatingIncomeLoss,OperatingLeasesRentExpense,OperatingLeasesRentExpenseNet,OperatingLossCarryforwards,OtherAdditionalCapital,OtherAssetImpairmentCharges,OtherExpenses,OtherGeneralAndAdministrativeExpense,OtherGeneralExpense,OtherLiabilitiesCurrent,OtherNonoperatingIncomeExpense,OtherOperatingActivitiesCashFlowStatement,OtherSellingGeneralAndAdministrativeExpense,OtherShortTermBorrowings,PaymentsForProceedsFromOtherInvestingActivities,PaymentsToAcquireIntangibleAssets,PaymentsToAcquireSoftware,PrepaidExpense,PrepaidExpenseAndOtherAssetsCurrent,PrepaidExpenseCurrent,PrepaidExpenseNoncurrent,ProceedsFromContributedCapital,ProceedsFromIssuanceOfCommonStock,ProceedsFromIssuanceOfLongTermDebt,ProceedsFromIssuanceOfPrivatePlacement,ProceedsFromNotesPayable,ProceedsFromRelatedPartyDebt,ProceedsFromRepaymentsOfOtherDebt,ProfessionalFees,ProfitLoss,PropertyPlantAndEquipmentDisposals,PropertyPlantAndEquipmentGross,PropertyPlantAndEquipmentNet,ProvisionForDoubtfulAccounts,RepaymentOfNotesReceivableFromRelatedParties,RepaymentsOfNotesPayable,RepaymentsOfOtherDebt,RepaymentsOfRelatedPartyDebt,RepaymentsOfShortTermDebtMaturingInMoreThanThreeMonths,ResearchAndDevelopmentExpense,RetainedEarningsAccumulatedDeficit,Revenues,SalariesAndWages,SalesRevenueNet,SellingGeneralAndAdministrativeExpense,ShareBasedCompensation,ShortTermBorrowings,ShortTermNonBankLoansAndNotesPayable,StockholdersEquity,StockholdersEquityIncludingPortionAttributableToNoncontrollingInterest,StockIssuedDuringPeriodValueNewIssues,StockIssuedDuringPeriodValuePurchaseOfAssets,StockIssuedDuringPeriodValueShareBasedCompensation,TravelAndEntertainmentExpense,WeightedAverageNumberOfShareOutstandingBasicAndDiluted,WeightedAverageNumberOfSharesOutstandingBasic,WriteOffOfDeferredDebtIssuanceCost
2008-12-31,2009-03-30,10-K,"ADVANCED VOICE RECOGNITION SYSTEMS, INC.",AVOI,CIK0001342936,USD,,,,,,,,331000.0,,,,,,,,,,,,,,,,,,,,,,,,,,,,,,,,,,,,,,,,,,,,,,,,,,,,,,,,,,,,,,,,,,,,,,,,,,,,,,,,,,,,,,,,,,,,,,,,-431022.0,,,,,,,,,,,,,121077.0,,,,,,,,,,,,,,,,,,,,,,,,,,,,,,,,,,,,,,,,-192383.0,,,,,,,,
2009-12-31,2010-02-26,10-K,"ADVANCED VOICE RECOGNITION SYSTEMS, INC.",AVOI,CIK0001342936,USD,,,,,,,,52430.0,,,,,,,,,,2961.0,2961.0,,,,,,,,,,,,,,,,,,,,,,,,,,,,,,,,,,,,,,,,,,,,,,,,,,,,,,,,,,,,,,,,,,,,,,,,,,,,,,,,,,,,,-480390.0,,,,,,,,,,,,,238837.0,,,,,,,,,,,,,,,,,,,,,,,,,,,,,,,,,,,,,,,,-294006.0,,87500.0,,,,,,
2010-06-30,2010-08-16,10-Q,"ADVANCED VOICE RECOGNITION SYSTEMS, INC.",AVOI,CIK0001342936,USD,,,,,,,,,,,,,,,,,,64101.0,,,,,,,,,,,,,-431855.0,,,,,,,,,-0.01,,,,,,,,,,,,,,,,,,,,,,,,,,,,,,,,,,-273056.0,-276001.0,,,,,,,,,,,,,,,,-2945.0,,,,,,,,,,,,,-276001.0,,,,273056.0,,,,,,,2808.0,,58457.0,,-2945.0,,6422.0,,,,,,,,,,,,,,,,191437.0,,,,,,,,,,,,,,5991.0,,,,,,,,,,,7940.0,,170228897.0,
2010-09-30,2010-11-15,10-Q,"ADVANCED VOICE RECOGNITION SYSTEMS, INC.",AVOI,CIK0001342936,USD,,,,,,,,,,,,,,,,,,,31806.0,,,,,,,,,,,,,,,,,,,,,-0.01,,,,,,,,,,,,,,,,,,,,,,,,,,,,,,,,,,-93696.0,-96165.0,,,,,,,,,,,,,,,,-2469.0,,,,,,,,,,,,,-96165.0,,,,93696.0,,,,,,,3058.0,,46152.0,,,,4415.0,,,,,,,,,,,,,,,,19913.0,,,,,,,,,,,,,,17532.0,,,,,,,,,,,2626.0,,174589294.0,
2010-12-31,2011-03-30,10-K,"ADVANCED VOICE RECOGNITION SYSTEMS, INC.",AVOI,CIK0001342936,USD,543961.0,543961.0,,7847.0,,,6380566.0,153332.0,10451.0,,,,,328844.0,,1621.0,,128560.0,128560.0,125599.0,,,,,186393.0,,186393.0,,,,,1611.0,-1611.0,,,,,123113.0,,-0.01,0.0,0.34,-0.3016,-0.0384,,,0.0,,,,,,,,,,,,67052.0,,,,,,,,,,,,,,,-1896324.0,-1905362.0,,,,,467299.0,-5655.0,,,,,,-112000.0,68663.0,,1583.0,-9038.0,9480.0,,,,,328844.0,676504.0,,,1394101.0,-1611.0,-1266891.0,-1905362.0,,,,1896324.0,,,,,,1068860.0,11786.0,,215376.0,,,,26105.0,,,,,130000.0,258560.0,130000.0,,,1573332.0,,1420000.0,,,,455381.0,,,,1621.0,,-179231.0,,,,,,-6914619.0,,41173.0,,,63000.0,,,-347660.0,-347660.0,1420000.0,,63000.0,14643.0,,173723834.0,
2011-03-31,2011-05-13,10-Q,"ADVANCED VOICE RECOGNITION SYSTEMS, INC.",AVOI,CIK0001342936,USD,,,,,,,,,2723.0,,,,,,,,,,260733.0,132173.0,,,,,,,,,,,,,-1710.0,,,,,,,-0.01,,,,,,,,,,,,,,,,,,,,,,,,,,,,,,,,,,-149338.0,-150238.0,,,,,-66542.0,-699.0,,,,,,,,,,-900.0,1583.0,,,,,,,,,304687.0,-3910.0,-168604.0,-150238.0,,,,149338.0,,,,,,,2998.0,,46152.0,,,,4880.0,,,,-2200.0,,,,,,362000.0,,,,,,72719.0,,,,,,-57313.0,,,,,,,,17532.0,,,,,,,,,,,5057.0,,187559532.0,
2011-06-30,2011-08-11,10-Q,"ADVANCED VOICE RECOGNITION SYSTEMS, INC.",AVOI,CIK0001342936,USD,,405816.0,,18749.0,,-4256.0,6947852.0,12000.0,,,,,,399268.0,,2334.0,3640.0,175613.0,175615.0,,,,,,192643.0,,,,,,-25436.0,25436.0,,,,,,13800.0,,-0.01,,,,,,,,,,,,,,,,,,,65885.0,,,,,,,,,,,,,,,-114735.0,-115049.0,,,,,,,,,,,,,91321.0,,314.0,-314.0,,,,,,399268.0,438679.0,,,,,,-115049.0,,,,114735.0,,,,,61536.0,,3641.0,,15384.0,,-314.0,,4485.0,,,,,130000.0,305613.0,,,,,,,,,,47156.0,,,,1982.0,,,,,,,,-7179906.0,,43578.0,,,,,,-39411.0,-39411.0,,,,491.0,,192271986.0,
2011-09-30,2011-11-07,10-Q,"ADVANCED VOICE RECOGNITION SYSTEMS, INC.",AVOI,CIK0001342936,USD,359787.0,,,6180.0,,,6947852.0,12000.0,,,,,,260373.0,,2129.0,,46399.0,46399.0,,,,,,,,192643.0,,,,,18265.0,,,,,,5800.0,,-0.01,,,,,,,,,,,,,,,,,,,63580.0,,,,,,,,,,,,,,,-71982.0,-72014.0,,,,,,,,,,,,130000.0,81845.0,,32.0,-32.0,,,,,,260373.0,371799.0,,,,,,-72014.0,,,,71982.0,,,,,,,2720.0,,,,,,3454.0,,,,,130000.0,176399.0,,,,,,,,,,8415.0,,,,1982.0,,,,,,,,-7251921.0,,56275.0,,,,,,-111426.0,,,,,1118.0,,192271985.0,
2011-12-31,2012-03-12,10-K,"ADVANCED VOICE RECOGNITION SYSTEMS, INC.",AVOI,CIK0001342936,USD,239821.0,,,30432.0,,-4608.0,6958740.0,22888.0,10487.0,,,,,98487.0,,1982.0,3640.0,13405.0,13405.0,-115155.0,,,,,,,192643.0,,,,,21826.0,-20215.0,,,1344.0,,5800.0,,-0.01,0.0,0.34,-0.2895,-0.0505,,,0.0,,,9143.0,,,,,,,,,61274.0,,,,,,,,,,,,,,,-413084.0,-414330.0,,,,,-281555.0,-1583.0,,,,,,130000.0,83100.0,,,-1246.0,2813.0,,,,,98487.0,276053.0,,,405575.0,-25780.0,-494950.0,-414330.0,,,,413084.0,,,,,,,11877.0,,61536.0,,,,17174.0,,,-3365.0,-2200.0,,13405.0,130000.0,,,522888.0,,500000.0,,,,138939.0,,495.0,,1982.0,,-117313.0,,,,,,-7328949.0,,176891.0,,,,,,-177566.0,,500000.0,,,6667.0,,191296975.0,
2012-03-31,2012-05-11,10-Q,"ADVANCED VOICE RECOGNITION SYSTEMS, INC.",AVOI,CIK0001342936,USD,205132.0,,,8285.0,,,7259700.0,6000.0,-2679.0,,,,,232220.0,,5328.0,,144380.0,144380.0,130975.0,,,,,,,199683.0,,,,,18494.0,3332.0,,,,,5800.0,,-0.01,,,,,,,,,,2348.0,,,,,,,,,64018.0,,,,,,,,,,,,,,,-117431.0,-117431.0,,,,,56835.0,,,,,,,,82512.0,,,,,,,,,232220.0,219217.0,,,308000.0,-5438.0,-54156.0,117431.0,,,,117431.0,,,,,,,3079.0,,,,,,6378.0,,,5092.0,3678.0,,144380.0,,,,308000.0,,,,,,40842.0,,,,5328.0,,,,,,,,-7446380.0,,66358.0,,,,,,13003.0,,302000.0,,,774.0,,198650338.0,
2012-06-30,2012-08-10,10-Q,"ADVANCED VOICE RECOGNITION SYSTEMS, INC.",AVOI,CIK0001342936,USD,212115.0,,,7833.0,,-5270.0,7259700.0,6000.0,,,,,,118077.0,,4998.0,3640.0,33003.0,33003.0,,,,,,,,199683.0,,,,,18494.0,,,,,,5800.0,,0.0,,,,,,,,,68399.0,,,,,,,,,129981.0,59146.0,,,,,,,,,,,,,,,-120674.0,-120674.0,,,,,,,,,,,,,80076.0,,,,,,,,,118077.0,225748.0,,,,,,-120674.0,,,,120674.0,,,,,,,2932.0,,,,,,5581.0,,,,,,33003.0,,,,,,,,,,40728.0,,,,4665.0,,,,,,,,-7567054.0,,69165.0,,,,,,-107671.0,,,,,2268.0,,199682865.0,
2012-09-30,2012-11-09,10-Q,"ADVANCED VOICE RECOGNITION SYSTEMS, INC.",AVOI,CIK0001342936,USD,210411.0,,,6273.0,,-5602.0,7357700.0,6000.0,,,,,,124681.0,,4665.0,3640.0,42376.0,42376.0,,,,,,,,201683.0,,,,,18494.0,,,,,,5800.0,,-0.01,,,,,,,,,70835.0,,,,,,,,,129981.0,59146.0,,,,,,,,,,,,,,,-90132.0,-90132.0,,,,,,,,,,,,,77640.0,,,,,,,,,124681.0,222484.0,,,,,,-90132.0,,,,90132.0,,,,,,,2893.0,,,,,,2681.0,,,,,,42376.0,,,,,,,,,,17842.0,,,,4665.0,,,,,,,,-7657186.0,,66691.0,,,,,,-97803.0,,,,,25.0,,200661126.0,
2012-12-31,2013-03-05,10-K,"ADVANCED VOICE RECOGNITION SYSTEMS, INC.",AVOI,CIK0001342936,USD,209702.0,,,21.0,,-5934.0,7485100.0,6000.0,-10983.0,,,,,156057.0,,4333.0,3640.0,76520.0,76520.0,63115.0,,,,,,,204283.0,,,,,18.495,3332.0,,,1326.0,,5800.0,,0.01,0.0,0.34,-0.3355,-0.0045,,,0.0,,73272.0,9657.0,,,,,,,56709.0,129981.0,56709.0,21693.0,2437.0,5527.0,5527.0,9743.0,5527.0,8692.0,,,,,,,,-419900.0,-419900.0,,,,,60530.0,,,,,,,,75204.0,,,,,,,,,156057.0,215523.0,,,538000.0,-5438.0,-469447.0,-419900.0,,,,419900.0,,,,,,,11753.0,,,,,,19212.0,,,-5092.0,-3678.0,,76520.0,,,,538000.0,,532000.0,,,,116989.0,,,,4333.0,,,,,,,,-7748849.0,,268610.0,,,,,,-59466.0,,538000.0,,,3336.0,,200442427.0,
2013-03-31,2013-05-01,10-Q,"ADVANCED VOICE RECOGNITION SYSTEMS, INC.",AVOI,CIK0001342936,USD,221702.0,,,29104.0,,-7180.0,7485100.0,,-2767.0,,,,,104068.0,,4002.0,3640.0,19252.0,19252.0,-57268.0,,,,,,,204283.0,,,,,26541.0,-8046.0,,,331.0,,5800.0,,0.01,,,,,,,,,75708.0,2436.0,,,,,,,,129981.0,54273.0,,,,,,,,,,,,,,,-93072.0,-93072.0,,,,,-41083.0,,,,,,,,80814.0,,,,,,,,,104068.0,256606.0,,,,-8046.0,-49222.0,-93072.0,,,,93072.0,,,,,,,3027.0,,,,,,4026.0,,,,,,19252.0,,,,,,,,,,16419.0,,,,3087.0,,,,,,,,-7841921.0,,69600.0,,,,,,-152538.0,,,,,,,204282865.0,
2013-06-30,2013-08-13,10-Q,"ADVANCED VOICE RECOGNITION SYSTEMS, INC.",AVOI,CIK0001342936,USD,229752.0,,,89350.0,,-6591.0,7506255.0,,,,,,,95485.0,,3676.0,3640.0,12909.0,12909.0,,,,,,,,205138.0,,,,,27063.0,,,,,,5800.0,,0.01,,,,,,,,,78144.0,,,,,,,,,129981.0,51837.0,,,,,,,,,,,,,,,-98783.0,-98888.0,,,,,,,,,,,,,78900.0,,,-105.0,,,,,,95485.0,324902.0,,,,,,-98888.0,,,,98783.0,,,,,,,3167.0,,,,,,2665.0,,,,,,12909.0,,,,,,,,,,23349.0,,,,3676.0,,,,,,,,-7940810.0,,69165.0,,,,,,-229417.0,,,,,437.0,,204538309.0,
2013-09-30,2013-11-12,10-Q,"ADVANCED VOICE RECOGNITION SYSTEMS, INC.",AVOI,CIK0001342936,USD,233646.0,,,135020.0,,-6591.0,7554000.0,,,,,,,106931.0,,3382.0,3640.0,15016.0,15016.0,,,,,,,,207893.0,,,,,18440.0,,,,,,5800.0,,0.01,,,,,,,,,81002.0,,,,,,,,,151095.0,70093.0,,,,,,,,,,,,,,,-88064.0,-88618.0,,,,,,,,,,,,,88533.0,,,-554.0,,,,,,106931.0,374466.0,,,,,,-88618.0,,,,88064.0,,,,,,,3272.0,,,,,,3355.0,,,,,,15016.0,,,,,,,,,,12041.0,,,,3676.0,,,,,,,,-8029428.0,,69165.0,,,,,,-267535.0,,,,,231.0,,206382309.0,
2013-12-31,2014-03-28,10-K,"ADVANCED VOICE RECOGNITION SYSTEMS, INC.",AVOI,CIK0001342936,USD,16736.0,16736.0,,162383.0,162383.0,7180.0,7601300.0,,-12044.0,,,,,105409.0,13995.0,3087.0,3640.0,13995.0,13995.0,-62525.0,,,,,,,211093.0,,,,,21302.0,-2807.0,1143.0,,1143.0,,,,0.01,0.0,0.34,-0.3355,-0.0045,,,0.0,,84070.0,10798.0,,,,,,,67025.0,151095.0,67025.0,23565.0,3068.0,8059.0,8059.0,11224.0,8059.0,8059.0,,,-213240.0,,,,,-349506.0,-350494.0,,,,,-176836.0,,,,,,,,88327.0,,,-988.0,988.0,,,,,105409.0,179119.0,,,123010.0,-23921.0,-161614.0,-137254.0,,,,349506.0,,,,,,,13099.0,,,,,,14806.0,,,21114.0,,,13995.0,,,,123010.0,,123010.0,,,,55767.0,,,6627.0,3087.0,,,,,,,,-7886103.0,,264673.0,,,,,,-73710.0,,123010.0,,,1161.0,,206509386.0,
2014-03-31,2014-05-15,10-Q,"ADVANCED VOICE RECOGNITION SYSTEMS, INC.",AVOI,CIK0001342936,USD,25430.0,,,162497.0,,7473.0,7626936.0,,3362.0,,,,3069.0,107352.0,,2794.0,3640.0,14647.0,14647.0,652.0,,,,,,,213657.0,,,,,25955.0,-4653.0,293.0,,293.0,,,,0.0,,,,,,,,,87139.0,3069.0,,,,,,,63956.0,151095.0,63956.0,23565.0,,8059.0,8059.0,8155.0,8059.0,8059.0,,,,,,,,-34908.0,-35065.0,,,,,8808.0,,,,,,,,89911.0,,,-157.0,157.0,,,,,107352.0,187927.0,,,28200.0,-4653.0,-22895.0,35065.0,,,,34908.0,,,,,,,3752.0,,,,,,2442.0,,,,,,14647.0,,,,28200.0,,,,,,14279.0,,,,2794.0,,,,,,,,-7921168.0,,13971.0,,,,,,-80575.0,,28200.0,,,464.0,,212627589.0,
2014-06-30,2014-08-14,10-Q,"ADVANCED VOICE RECOGNITION SYSTEMS, INC.",AVOI,CIK0001342936,USD,,32135.0,,,162470.0,-7766.0,7659731.0,,,,,,,117205.0,,2501.0,3640.0,24383.0,24383.0,,,,,,,,216712.0,,,,,29434.0,,,,,,,,0.0,,,,,,,,,90208.0,,,,,,,,,151095.0,60887.0,,,,,,,,,,,,,,,-32192.0,-32675.0,,,,,,,,,,,,,90321.0,,,-483.0,,,,,,117205.0,194605.0,,,,,,-32675.0,,,,32192.0,,,,,,,325.0,,,,,,5748.0,,,,,,24383.0,,,,,,,,,,10638.0,,,,2501.0,,,,,,,,-7953843.0,,14753.0,,,,,,-67740.0,,,,,728.0,,214958654.0,
2014-09-30,2014-11-12,10-Q,"ADVANCED VOICE RECOGNITION SYSTEMS, INC.",AVOI,CIK0001342936,USD,,45168.0,,,162437.0,-7766.0,7665731.0,,,,,,,97601.0,,2207.0,3640.0,8145.0,8145.0,,,,,,,,217312.0,,,,,29434.0,,,,,,,0.0,0.01,,,,,,,,,93280.0,,,,,,,,,151095.0,57815.0,,,,,,,,,,,5560.0,,,,-38526.0,-39205.0,-39205.0,,,,,,,,,,,,87249.0,679.0,,679.0,,,,,,97601.0,207605.0,,,,,,-39205.0,,,,38526.0,-38526.0,,,,,,125.0,,125.0,,,,5560.0,,,,,,8145.0,,,,,,,,,,19735.0,-39205.0,,,2207.0,,,,,,,,-7993047.0,,13106.0,,,,,,-110004.0,,,,,,,217272471.0,
2014-12-31,2015-03-31,10-K,"ADVANCED VOICE RECOGNITION SYSTEMS, INC.",AVOI,CIK0001342936,USD,,66574.0,,,162383.0,8355.0,7675148.0,7675148.0,12398.0,,,,11224.0,97884.0,10736.0,85236.0,3640.0,10736.0,10736.0,-3259.0,,,,,,,219195.0,,,,,29435.0,-8132.0,1175.0,,,,,,0.01,0.0,0.34,-0.2391,-0.1009,,,0.0,,95294.0,11224.0,,,,,,,55501.0,151095.0,55801.0,15506.0,,8059.0,8059.0,8059.0,8059.0,8059.0,,,,21.79,,,,-136986.0,-139313.0,,,,,49838.0,,,-8132.0,,,,,85236.0,-2327.0,,-2327.0,2327.0,,,,228957.0,97884.0,228957.0,,,81950.0,-8132.0,-77077.0,-139313.0,,,,136986.0,-136986.0,,,,,,1095.0,,1095.0,,,,21791.0,,,,,,,,,,81950.0,,81950.0,,,,67508.0,-139313.0,,6627.0,1912.0,,,,,,,,-8025416.0,,45400.0,,,,,,-131073.0,,81950.0,,,1.193,,215635049.0,
2015-03-31,2015-05-15,10-Q,"ADVANCED VOICE RECOGNITION SYSTEMS, INC.",AVOI,CIK0001342936,USD,,70998.0,,,162383.0,8648.0,-8043178.0,,2310.0,,,,2017.0,87546.0,2708.0,1619.0,3640.0,2708.0,2708.0,-8028.0,,,,,,,219795.0,,,,,29435.0,,184.0,,,,,,0.0,,,,,,,,,97311.0,,,,,,,,,151095.0,53784.0,,,,,,,,,,,3638.0,,,,-16597.0,-17762.0,,,,,4424.0,,,,,,,,83219.0,-1165.0,,-1165.0,1165.0,,,,233381.0,87546.0,233381.0,,,3000.0,,-11028.0,17762.0,,,,16597.0,-16597.0,,,,,,2462.0,,2462.0,,,,3638.0,,,,,,,,,,3000.0,,,,,,9986.0,-17762.0,,,1619.0,,,,,,,,7677548.0,,7.0,,,,,,-145835.0,,3000.0,,,505.0,,219288601.0,
2015-06-30,2015-08-14,10-Q,"ADVANCED VOICE RECOGNITION SYSTEMS, INC.",AVOI,CIK0001342936,USD,,82434.0,,,162383.0,8941.0,7680248.0,,,,,,,103044.0,2703.0,100341.0,3640.0,2703.0,2703.0,,,,,,,,220095.0,,,,,47246.0,,,,,600.0,,,0.0,,,,,,,,,99326.0,,,,,,,,,151095.0,51769.0,,,,,,,,,,,4106.0,,,,-12831.0,-14538.0,,,,,,,,,,,,,,-1707.0,,-1707.0,,,,,260417.0,103044.0,260417.0,,,,,,-14538.0,,,15000.0,12831.0,-12831.0,,,,,,,,,,,,4106.0,,,,,,,,,,,,,,,,8671.0,-14538.0,,,1326.0,,,,,,,,-8057716.0,,,,,,,,-157373.0,,,,,54.0,,219881935.0,
2015-09-30,2015-11-13,10-Q,"ADVANCED VOICE RECOGNITION SYSTEMS, INC.",AVOI,CIK0001342936,USD,,87072.0,,,162383.0,9235.0,,7694648.0,,,,,,95191.0,9200.0,85991.0,3640.0,,9200.0,,,,,,,,222695.0,,,,,1485.0,,,,,600.0,,0.0,,,,,,,,,,102689.0,,,,,,,,,186163.0,83474.0,,,,,,,,,,,6152.0,,,,,,-33848.0,,,,,,,,,,,,,-1334.0,,-1334.0,,,,,269990.0,95191.0,269990.0,,,,,,,,,19935.0,32514.0,-32514.0,,,,,,,,,,,,,,,,,,,,,,,,,,,,26292.0,-33848.0,,,1032.0,,,,,,,,-8092142.0,,,,,,,,-174799.0,,,,,70.0,,221027877.0,
2015-12-31,2016-03-25,10-K,"ADVANCED VOICE RECOGNITION SYSTEMS, INC.",AVOI,CIK0001342936,USD,,92999.0,1994.0,,162383.0,9530.0,,7702247.0,11933.0,,,,10757.0,91331.0,8997.0,81597.0,3640.0,,8997.0,-1738.0,,,,,,,224596.0,,,,,1485.0,,1175.0,,,600.0,,,,0.0,0.34,-0.306,-0.034,,,0.0,,106051.0,,12842.0,13454.0,13454.0,13454.0,13454.0,13454.0,,186163.0,80112.0,,,,,,,,,,,24307.0,,,,,,,,,,48954.0,,,27950.0,,,,,,-7591.0,,-7591.0,7591.0,,,,277911.0,91331.0,277911.0,,,32500.0,-7118.0,-27120.0,-88007.0,,,19935.0,80416.0,-80416.0,,,,,,,,1528.0,,,,,,,-35068.0,,,,,,,32500.0,,,,,,52300.0,-88007.0,,,737.0,,,,,,,,-8113423.0,,1577.0,,,,,,-186580.0,,32500.0,,,704.0,,221054720.0,
2016-03-31,2016-05-12,10-Q,"ADVANCED VOICE RECOGNITION SYSTEMS, INC.",AVOI,CIK0001342936,USD,,99402.0,1994.0,,162656.0,9714.0,,7720998.0,3548.0,,,,3364.0,94196.0,15410.0,78233.0,3640.0,,15410.0,6413.0,,,,,,,227345.0,,,,,1485.0,,184.0,,,,,,,0.0,0.34,-0.306,-0.034,,,0.0,,109415.0,,,,,,,,,186163.0,76748.0,,,,,,,,,,,5707.0,,,,,,,,,,6403.0,,273.0,,,,,,,-1407.0,,-1407.0,1407.0,,,,283987.0,94196.0,283987.0,,,20900.0,,-14487.0,,,,19935.0,23304.0,-23304.0,,,,,,,,560.0,,,,,,,,,,,,,,21500.0,,,,,,15344.0,-24711.0,,,553.0,,-600.0,,,,600.0,,-8138134.0,,1561.0,,,,,,-189791.0,,,,,132.0,,225624157.0,
2016-06-30,2016-08-11,10-Q,"ADVANCED VOICE RECOGNITION SYSTEMS, INC.",AVOI,CIK0001342936,USD,,100009.0,1994.0,,162383.0,9898.0,,7720998.0,,,,,,82268.0,7030.0,74869.0,3640.0,,7030.0,,,,,,,,227345.0,,,,,1485.0,,,,,,,,,,,,,,,,,112779.0,,,,,,,,,186163.0,73384.0,,,,,,,,,,,5561.0,,,,,,,,,,,,,,,,,,,-1467.0,,-1467.0,,,,,,82268.0,284321.0,,,,,,,,,19935.0,10795.0,-10795.0,,,,,,,,245.0,,,,,,,,,,,,,,,,,,,,2491.0,-12262.0,,,369.0,,,,,,,,-8150396.0,,2310.0,,,,,,-202053.0,,,,,188.0,,227345268.0,
2016-09-30,2016-11-02,10-Q,"ADVANCED VOICE RECOGNITION SYSTEMS, INC.",AVOI,CIK0001342936,USD,,98693.0,1994.0,,162383.0,10267.0,,7729223.0,,,,,,77711.0,6021.0,71505.0,3640.0,,6021.0,,,,,,,,228495.0,,,,,1485.0,,,,,,,,,,,,,,,,,116143.0,,,,,,,,,186163.0,70020.0,,,,,,,,,,,7707.0,,,,,,,,,,,,,,,,,,,-1513.0,,-1513.0,,,,,,77711.0,283005.0,,,,,,,,,19935.0,11103.0,-11103.0,,,,,,,,360.0,,,,,,,,,,,,,,,,,,,,3036.0,-12616.0,,,185.0,,,,,,,,-8163012.0,,,,,,,,-205294.0,,,,,,,228058601.0,
2016-12-31,2017-03-31,10-K,"ADVANCED VOICE RECOGNITION SYSTEMS, INC.",AVOI,CIK0001342936,USD,,109393.0,3987.0,,162383.0,10267.0,,7741773.0,14191.0,,,,13454.0,77597.0,9454.0,68143.0,3640.0,,9454.0,457.0,,,,,,,230395.0,,,,,1485.0,,737.0,,,,,,,0.0,0.34,-0.1794,-0.1606,,,0.0,,119505.0,,12842.0,13454.0,12842.0,13454.0,13454.0,13454.0,,186163.0,66658.0,,,,,,,,,,,25397.0,,,,,,,,,,18387.0,,,,,,,,,-10954.0,,-10954.0,8960.0,,,,295698.0,77597.0,295698.0,,,44725.0,,-44268.0,-76846.0,,,19935.0,65892.0,-65892.0,,,,,,,,1689.0,,,,,,,,,,,,,,45325.0,-600.0,,,,,34558.0,-76846.0,,,,,-600.0,,,,,,-8190269.0,,3928.0,,,,,,-218101.0,-218101.0,45325.0,,,320.0,,227639241.0,
2017-03-31,2017-05-15,10-Q,"ADVANCED VOICE RECOGNITION SYSTEMS, INC.",AVOI,CIK0001342936,USD,,126642.0,4485.0,,162382.0,10267.0,,7752173.0,3364.0,,,,3364.0,73374.0,8595.0,64779.0,3640.0,,8595.0,-859.0,,,,,,,232995.0,,,,,1485.0,,,,,,,,,,,,,,,,,122869.0,,,,,,,,,186163.0,63294.0,,,,,,,,,,,5512.0,,,,,,,,,,17746.0,,,,,,,,,-2460.0,,-2460.0,2460.0,,,,313444.0,73374.0,313444.0,,,13000.0,,-13859.0,,,,19935.0,32509.0,-32509.0,,,,,,,,807.0,,,,,,,,,,,,,,13000.0,,,,,,22865.0,-34969.0,,,,,,,,,,,-8225238.0,,3325.0,,,,,,-240070.0,,,,,,,231539713.0,
2017-06-30,2017-08-14,10-Q,"ADVANCED VOICE RECOGNITION SYSTEMS, INC.",AVOI,CIK0001342936,USD,,120242.0,4984.0,,162382.0,10267.0,,7781373.0,,,,,,83886.0,21021.0,62865.0,3640.0,,21021.0,,,,,,,,240295.0,,,,,2935.0,,,,,,,,,,,,,,,,,126233.0,,,,,,,,,186163.0,59930.0,,,,,,,,,,,5004.0,,,,,,,,,,,,,,,,,,,-2205.0,,-2205.0,,,,,307543.0,83886.0,307543.0,,,,,,,,,19935.0,17882.0,-17882.0,,,,,,,,722.0,,,,,,,,,,,,,,,,,,,,6466.0,-20087.0,,,,,,,,,,,-8245325.0,,5434.0,,,,,,-223657.0,,,,,256.0,,235633046.0,
2017-09-30,2017-11-14,10-Q,"ADVANCED VOICE RECOGNITION SYSTEMS, INC.",AVOI,CIK0001342936,USD,,124059.0,5482.0,,162382.0,10267.0,,7781373.0,,,,,,66993.0,7492.0,59501.0,3640.0,,7492.0,,,,,,,,240295.0,,0.0,,,2935.0,,,,,,,,0.0,,,,,,,,,129597.0,,,,,,,,,186163.0,56566.0,,,,,,,,,,,6356.0,0.0,,-21208.0,,,-21208.0,,0.0,,,,,,,,,,,-2900.0,,2900.0,,,,4863.0,311543.0,66993.0,311858.0,6627.0,,,,,-21208.0,,-2900.0,0.0,18308.0,-18308.0,,,,,,,6356.0,357.0,,,,,,,,,,,,,,,,,,,,6690.0,-21208.0,,,0.0,,,,,,,,-8266533.0,0.0,4863.0,,42.0,,,,-244865.0,,,,,42.0,240295268.0,240295268.0,
2017-12-31,2018-04-02,10-K,"ADVANCED VOICE RECOGNITION SYSTEMS, INC.",AVOI,CIK0001342936,USD,,126502.0,5981.0,,162382.0,10267.0,7788248.0,7788248.0,13454.0,,,,13454.0,64056.0,7257.0,56799.0,3640.0,,7257.0,-2197.0,,,0.001,547500000.0,243920268.0,243920268.0,243920.0,,0.0,0.0,,3595.0,,,13454.0,,,,,0.0,0.0,0.42,-0.1517,-0.1883,-0.0136,-0.4064,0.0,,132959.0,,,13454.0,12842.0,12842.0,13454.0,13454.0,,53204.0,53204.0,,,,,,,,,,,23120.0,0.0,,-92643.0,,,-92643.0,,0.0,0.0,19102.0,,,-2110.0,,,,,,-10339.0,,10339.0,8345.0,5981.0,,13647.0,314800.0,64056.0,314800.0,6627.0,,60000.0,-2110.0,-60087.0,-92643.0,,-10339.0,0.0,82304.0,-82304.0,,,,,,,23120.0,2503.0,162382.0,,,,19935.0,2110.0,0.0,,,,,3595.0,,60000.0,,,0.0,,,42736.0,-92643.0,,,0.0,,,0.0,,,,,-8282912.0,0.0,13647.0,,298.0,,0.0,,-250744.0,-250744.0,73525.0,60000.0,,298.0,237328898.0,237328898.0,
2018-03-31,2018-05-14,10-Q,"ADVANCED VOICE RECOGNITION SYSTEMS, INC.",AVOI,CIK0001342936,USD,,85761.0,6479.0,,162382.0,10267.0,,7797298.0,3364.0,,,,3364.0,62780.0,8365.0,54415.0,3640.0,,8365.0,1108.0,,,,,,,250720.0,,0.0,,,4575.0,,,,,,,,0.0,,,,,,,,,136323.0,,,,,,,,,186163.0,49840.0,,,,,,,,,,,5822.0,0.0,,,,,-27291.0,,0.0,,10165.0,,,-980.0,,,,,,-2020.0,,2020.0,1522.0,,,69.0,324965.0,62780.0,324965.0,6627.0,,15850.0,-980.0,-13762.0,-27291.0,,-2020.0,0.0,25271.0,-25271.0,,,,,,,5822.0,1097.0,,,,,,,,,,,,,,15850.0,,,,,,18283.0,-27291.0,,,0.0,,,,,,,,-8310203.0,0.0,69.0,,0.0,,,,-262185.0,-262185.0,,15850.0,,,247110268.0,247110268.0,
2018-06-30,2018-08-14,10-Q,"ADVANCED VOICE RECOGNITION SYSTEMS, INC.",AVOI,CIK0001342936,USD,,128820.0,6978.0,,162382.0,10267.0,,7808048.0,,,,,,58445.0,7706.0,50739.0,3640.0,,7706.0,,,,,,,,254820.0,,0.0,,,,,,,,,,,0.0,,,,,,,,,76752.0,,,,,,,,,127491.0,50739.0,,,,,,,,,,0.0,5714.0,0.0,,,,,-12335.0,,0.0,,,,,,,,,,,-2551.0,,2551.0,,,,1325.0,318115.0,58445.0,318115.0,6627.0,,,,,-12335.0,,-2551.0,19935.0,9784.0,-9784.0,,,,,,,5714.0,687.0,,,,,,,,,,,,,,,,,,,,1665.0,-12335.0,,,0.0,,,,,,,,-8322538.0,0.0,1325.0,,393.0,,,,-259670.0,-259670.0,,33002.0,,393.0,253728046.0,253728046.0,
2018-09-30,2018-11-15,10-Q,"ADVANCED VOICE RECOGNITION SYSTEMS, INC.",AVOI,CIK0001342936,USD,,75552.0,,,,10267.0,7817848.0,,,,,,,52562.0,5498.0,47064.0,3640.0,,5498.0,,,,0.001,547500000.0,255520268.0,255520268.0,255520.0,,0.0,,,,,,,,,,,0.0,0.0,0.21,,,0.0,-0.21,0.0,,,,,3674.0,,13986.0,14702.0,14702.0,,47064.0,47064.0,,,,,,,,,,0.0,,0.0,,-13873.0,,,-13873.0,,0.0,,,,,,,,,,,,,2392.0,,7484.0,,25.0,,52562.0,315605.0,6627.0,,,,,-13873.0,,-2392.0,9000.0,11481.0,-11481.0,,,0.0,,,,7841.0,432.0,162382.0,,,,19935.0,,,,,,,0.0,,,,,,,,3025.0,,,,0.0,,,,,,,,-8336411.0,0.0,,,158.0,,41252.0,,-263043.0,-263043.0,,,,,255395824.0,,
2018-12-31,2019-04-01,10-K,"ADVANCED VOICE RECOGNITION SYSTEMS, INC.",AVOI,CIK0001342936,USD,,49385.0,,,,10267.0,7878798.0,7878798.0,,,,,,60973.0,17583.0,43390.0,3640.0,,17583.0,10326.0,17583.0,,0.001,547500000.0,267020268.0,267020268.0,267020.0,,0.0,52385.0,,,,,14390.0,,,,,0.0,0.0,0.42,,,0.0,-0.42,0.0,,,,,14702.0,,13985.0,13986.0,14702.0,,43390.0,43390.0,,,,,,,,0.0,,0.0,,0.0,,-67300.0,,,-67300.0,,0.0,0.0,-22649.0,,,,9000.0,,,,,,,8962.0,6878.0,8065.0,,1444.0,265367.0,60973.0,265367.0,6627.0,19935.0,86865.0,-980.0,-75559.0,-67300.0,,-8962.0,6500.0,58338.0,-58338.0,,,0.0,,,,27006.0,2758.0,162382.0,,,,6500.0,0.0,980.0,,,,,0.0,,113650.0,,,9000.0,,,26357.0,-67300.0,,,0.0,,,35785.0,,,,,-8350212.0,0.0,,,773.0,,19100.0,19100.0,-204394.0,-204394.0,,113650.0,,,254477727.0,,
2019-03-31,2019-05-10,10-Q,"ADVANCED VOICE RECOGNITION SYSTEMS, INC.",AVOI,CIK0001342936,USD,,54452.0,,,,10267.0,7885998.0,,,,,,,48575.0,8861.0,39714.0,3640.0,,8861.0,-8722.0,,,0.001,547500000.0,268820268.0,268820268.0,268820.0,,0.0,,,,,,3676.0,,,,,0.0,0.0,0.21,,,0.0,-0.21,0.0,,,,,11026.0,,,13986.0,14702.0,,39714.0,39714.0,,,,,,,,,,0.0,,0.0,,,,,-29355.0,,0.0,0.0,5588.0,,,,,,,,,,,950.0,429.0,8586.0,,69.0,273324.0,48575.0,273324.0,6627.0,,11369.0,,-20091.0,-29355.0,,-950.0,6500.0,28405.0,-28405.0,,,0.0,,,,5733.0,557.0,162382.0,,,,19935.0,,,,,,,0.0,,9000.0,,,,5000.0,,21945.0,-29355.0,,,0.0,,,2631.0,,,,,-8379567.0,0.0,,,101.0,,16469.0,,-224749.0,-224749.0,,9000.0,,,267120268.0,,
2019-06-30,2019-08-12,10-Q,"ADVANCED VOICE RECOGNITION SYSTEMS, INC.",AVOI,CIK0001342936,USD,,44863.0,,,,10267.0,7912800.0,,,,,,,41544.0,5506.0,36038.0,3640.0,,5506.0,,,,0.001,547500000.0,275020268.0,275020268.0,275020.0,,0.0,,,,,,,,,,,0.0,0.0,0.21,,,0.0,-0.21,0.0,3834.0,,,,7350.0,,,13986.0,14702.0,,36038.0,36038.0,,,,,,,,,,3834.0,,0.0,,,,-7063.0,-7063.0,,0.0,,,,,,,,,,,,,1200.0,,9174.0,,25.0,240354.0,41544.0,240354.0,6627.0,,,,,-7063.0,,2634.0,4000.0,9697.0,-9697.0,,,0.0,,,,6673.0,1057.0,162382.0,-2634.0,,277.0,19935.0,,,,,,,,,,,,,,,1665.0,-7063.0,,,0.0,,,,,,,,-8386630.0,0.0,,,277.0,,0.0,,-198810.0,-198810.0,,33002.0,,,274235157.0,274235157.0,
2019-09-30,2019-11-12,10-Q,"ADVANCED VOICE RECOGNITION SYSTEMS, INC.",AVOI,CIK0001342936,USD,,42585.0,,,,10267.0,7927800.0,,,,,,,41458.0,9096.0,32362.0,3640.0,,9096.0,,,,,,,,276020.0,,0.0,,,,,,,,,,,0.0,0.0,0.21,,,0.0,-0.21,0.0,0.0,,,,3675.0,,,13985.0,14702.0,,32362.0,32362.0,,,,,,,,,,0.0,,0.0,,,,-13336.0,-13336.0,,0.0,,,,,,,,,,,,,528.0,,9702.0,,25.0,237604.0,41458.0,237604.0,6627.0,,,,,-13336.0,,-528.0,3000.0,12808.0,-12808.0,,,0.0,,,,9225.0,432.0,162382.0,528.0,,1236.0,19935.0,,,,,,,,,,,,,,,1890.0,-13336.0,,,0.0,,,,,,,,-8399966.0,0.0,,,1236.0,,0.0,,-196146.0,-196146.0,,16000.0,,,275353601.0,275353601.0,
2019-12-31,2020-03-30,10-K,"ADVANCED VOICE RECOGNITION SYSTEMS, INC.",AVOI,CIK0001342936,USD,,46083.0,,,,,7936600.0,7936600.0,,,,,,34928.0,6241.0,28687.0,,,6241.0,-11342.0,6241.0,,0.001,547500000.0,280386935.0,278220268.0,278220.0,,0.0,52385.0,,,,,14703.0,,0.0,,,0.0,0.0,0.21,,,0.0,-0.21,0.0,3834.0,,,,14702.0,,,,13985.0,,28687.0,28687.0,,,,,,,,3834.0,,-3834.0,,0.0,,,,-68302.0,-68302.0,,0.0,0.0,1189.0,,,,-6500.0,,,,,,,5488.0,2157.0,10222.0,,4916.0,238622.0,34928.0,238622.0,,19935.0,44902.0,0.0,-56244.0,-68302.0,-68302.0,-1654.0,0.0,66648.0,-66648.0,,,,,,,29701.0,2403.0,162382.0,1654.0,,1614.0,19935.0,,0.0,,,,,,,69002.0,,,0.0,,-6500.0,28014.0,-68302.0,,,,,,17600.0,,,,,-8418514.0,0.0,,,1614.0,,,0.0,-203694.0,-203694.0,69002.0,69002.0,,,273368169.0,273368169.0,
2020-03-31,2020-05-15,10-Q,"ADVANCED VOICE RECOGNITION SYSTEMS, INC.",AVOI,CIK0001342936,USD,,58712.0,,,,,7950100.0,,,,,,,26741.0,1730.0,25011.0,,,1730.0,-4511.0,,,0.001,547500000.0,279720268.0,278220268.0,279720.0,,0.0,,,,,,3676.0,,,,,0.0,,,,,,,,,,,,11026.0,,,,13985.0,,25011.0,25011.0,,,,,,,,,,0.0,,0.0,,,,-36060.0,-36060.0,,0.0,0.0,12873.0,,,,,,,,,,,498.0,498.0,10466.0,,7794.0,251495.0,26741.0,251495.0,,,15000.0,,-19511.0,-36060.0,,-498.0,,35562.0,-35562.0,,,,,,,6065.0,357.0,162382.0,498.0,,,19935.0,,,,,,,,,15000.0,,,0.0,0.0,,21346.0,-36060.0,,,,,,0.0,,,,,-8454574.0,0.0,,,0.0,,,,-224754.0,-224754.0,,15000.0,,,279670817.0,279670817.0,
2020-06-30,2020-08-13,10-Q,"ADVANCED VOICE RECOGNITION SYSTEMS, INC.",AVOI,CIK0001342936,USD,,62449.0,,,,,7955200.0,,,,,,,26867.0,5531.0,21336.0,,,5531.0,,,,0.001,547500000.0,280220268.0,278220268.0,280220.0,,0.0,,,,,,,,,,,0.0,,,,,,,,0.0,,,,7351.0,,,,13985.0,,21336.0,21336.0,,,,,,,,,0.0,,,0.0,,,,-9710.0,,,0.0,,,,,,,,,,,,,563.0,,10965.0,,16.0,255731.0,26867.0,255731.0,,,,,,-9710.0,,,,9147.0,-9147.0,,,,,,,5414.0,432.0,162382.0,-563.0,,0.0,19935.0,,,,,,,,,,,,,,,3285.0,-9710.0,,,,,,,,,,,-8464284.0,0.0,,,,,,,-228864.0,-228864.0,,5600.0,,0.0,,279857631.0,
2020-09-30,2020-11-16,10-Q,"ADVANCED VOICE RECOGNITION SYSTEMS, INC.",AVOI,CIK0001342936,USD,,62847.0,,,,,7955200.0,,,,,,,18223.0,564.0,17659.0,,,564.0,,,,0.001,547500000.0,280220268.0,278220268.0,280220.0,,0.0,,,,,,,,,,,0.0,,,,,,,,0.0,,,,3674.0,,,,13985.0,,17659.0,17659.0,,,,,,,,,,,,0.0,,,,-10290.0,,,0.0,,,,,,,,,,,,,499.0,,11463.0,,17.0,257377.0,18223.0,257377.0,,,,,,-10290.0,,,750.0,9791.0,-9791.0,,,,,,,5966.0,357.0,162382.0,-499.0,,0.0,19935.0,,,,,,,,,,,,,,,3451.0,-10290.0,,,,,,,,,,,-8474574.0,0.0,,,,,,,-239154.0,-239154.0,,,,,,280220268.0,
2020-12-31,2021-03-31,10-K,"ADVANCED VOICE RECOGNITION SYSTEMS, INC.",AVOI,CIK0001342936,USD,,78144.0,,,,,7957033.0,,,,,,,14332.0,348.0,13984.0,,,348.0,-5893.0,,348.0,0.001,547500000.0,282586935.0,278220268.0,280387.0,,0.0,0.0,,,,,14703.0,,4533.0,,,0.0,0.0,0.21,,,,,0.0,0.0,113507.0,,,13984.0,,,,,,127491.0,13984.0,,,,,,,,0.0,,,,0.0,,,,-81529.0,,,0.0,0.0,33800.0,,,,,,,,,,,4713.0,1739.0,11961.0,,7839.0,276955.0,14332.0,276955.0,,,27133.0,,-33026.0,-81529.0,-81529.0,,,76816.0,-76816.0,,,0.0,,,,23801.0,1578.0,162382.0,4713.0,,0.0,19935.0,,,,,,,,,22600.0,,,4533.0,,0.0,43598.0,-81529.0,,,,,,0.0,,,,,-8500043.0,0.0,,,,,,,-262623.0,-262623.0,22600.0,,,,,280012962.0,
2021-03-31,2021-05-17,10-Q,"ADVANCED VOICE RECOGNITION SYSTEMS, INC.",AVOI,CIK0001342936,USD,,90315.0,,,,,7957033.0,,,,,,,11648.0,1340.0,10308.0,,,1340.0,992.0,,,0.001,547500000.0,280220268.0,278220268.0,280387.0,,0.0,,,,,,3676.0,,,,,0.0,,,,,,,,,,,,,,,,10308.0,,10308.0,10308.0,,,,,,,,,,,,0.0,,,,-18900.0,,,0.0,0.0,12670.0,,,,,,,,,,,513.0,499.0,12460.0,,69.0,293171.0,11648.0,293171.0,,,3546.0,,-2554.0,-18900.0,,,,18387.0,-18387.0,,,,,,,5936.0,557.0,162382.0,513.0,,,19935.0,,,,,,,,,0.0,,,3546.0,,,11825.0,-18900.0,,,,,,,,,,,-8518943.0,0.0,,,,,,,-281523.0,-281523.0,,0.0,,,,280386935.0,
2021-06-30,2021-08-16,10-Q,"ADVANCED VOICE RECOGNITION SYSTEMS, INC.",AVOI,CIK0001342936,USD,,91282.0,,,,,7958833.0,,,,,,,6814.0,182.0,6632.0,,,182.0,,,,0.001,547500000.0,280386935.0,278220268.0,280587.0,,0.0,,,,,,,,,,,0.0,,,,,,,,,120859.0,,,,,,,6632.0,,127491.0,6632.0,,,,,,,,,0.0,,,0.0,,,,-18448.0,,,0.0,,,,,,,,,,,,,634.0,,12958.0,,23.0,304785.0,6814.0,304785.0,,,,,,-18448.0,,,,17814.0,-17814.0,,,,,,,5490.0,432.0,162382.0,-634.0,,,19935.0,,,,,,,,,,,,,,,11869.0,-18448.0,,,,,,,,,,,-8537391.0,0.0,,,,,,,-297971.0,-297971.0,,2000.0,,0.0,,280506935.0,
2021-09-30,2021-11-15,10-Q,"ADVANCED VOICE RECOGNITION SYSTEMS, INC.",AVOI,CIK0001342936,USD,,90860.0,,,,,7973833.0,,,,,,,8187.0,5231.0,2956.0,,,5231.0,,,,0.001,547500000.0,282586935.0,278220268.0,282587.0,,0.0,,,,,,,,,,,0.0,,,,,,,,,124535.0,,,,,,,,,127491.0,2956.0,,,,,,,,,,,,0.0,,,,-15998.0,,,0.0,,,,,,,,,,,,,594.0,,13456.0,,25.0,305156.0,8187.0,305156.0,,,,,,-15998.0,,,,15404.0,-15404.0,,,,,,,5997.0,482.0,162382.0,-594.0,,,19935.0,,,,,,,,,,,,,,,8900.0,-15998.0,,,,,,,,,,,-8553389.0,0.0,,,,,,,-296969.0,-296969.0,,17000.0,,,,281398046.0,
