end,filed,form,Name,Ticker,CIK,Currency,AccountsPayableCurrent,AccruedLiabilitiesCurrent,AdditionalPaidInCapital,AdjustmentsToAdditionalPaidInCapitalOther,AmortizationOfDeferredCharges,AntidilutiveSecuritiesExcludedFromComputationOfEarningsPerShareAmount,Assets,AssetsCurrent,Cash,CashAndCashEquivalentsAtCarryingValue,CashAndCashEquivalentsPeriodIncreaseDecrease,CashCashEquivalentsRestrictedCashAndRestrictedCashEquivalentsPeriodIncreaseDecreaseExcludingExchangeRateEffect,CashEquivalentsAtCarryingValue,CommonStockParOrStatedValuePerShare,CommonStockSharesAuthorized,CommonStockSharesIssued,CommonStockSharesOutstanding,CommonStockValue,CurrentFederalTaxExpenseBenefit,CurrentStateAndLocalTaxExpenseBenefit,DebtInstrumentFaceAmount,DebtInstrumentIncreaseDecreaseForPeriodNet,DebtInstrumentIncreaseDecreaseOtherNet,DeferredOfferingCosts,DeferredTaxAssetsNet,DeferredTaxAssetsOperatingLossCarryforwards,DeferredTaxAssetsValuationAllowance,DueToRelatedPartiesCurrent,DueToRelatedPartiesCurrentAndNoncurrent,EarningsPerShareBasicAndDiluted,EffectiveIncomeTaxRateContinuingOperations,EffectiveIncomeTaxRateReconciliationAtFederalStatutoryIncomeTaxRate,EffectiveIncomeTaxRateReconciliationChangeInDeferredTaxAssetsValuationAllowance,EffectiveIncomeTaxRateReconciliationStateAndLocalIncomeTaxes,EquityMethodInvestmentOwnershipPercentage,GeneralAndAdministrativeExpense,IncomeTaxExpenseBenefit,IncomeTaxesPaidNet,IncreaseDecreaseInAccountsPayable,IncreaseDecreaseInAccruedLiabilities,IncreaseDecreaseInDeferredCharges,IncreaseDecreaseInDeferredIncomeTaxes,IncreaseDecreaseInDeferredLiabilities,IncreaseDecreaseInDueToRelatedParties,IncreaseDecreaseInPrepaidExpense,InterestExpense,InterestExpenseDebt,InterestPaidNet,InterestPayableCurrent,InvestmentOwnedBalanceShares,Liabilities,LiabilitiesAndStockholdersEquity,LoansPayable,LoansPayableCurrent,NetCashProvidedByUsedInFinancingActivities,NetCashProvidedByUsedInInvestingActivities,NetCashProvidedByUsedInOperatingActivities,NetIncomeLoss,NotesPayableRelatedPartiesClassifiedCurrent,OperatingExpenses,OperatingIncomeLoss,OtherSignificantNoncashTransactionValueOfConsiderationGiven1,PaymentOfFinancingAndStockIssuanceCosts,PaymentsOfStockIssuanceCosts,PrepaidExpenseCurrent,ProceedsFromIssuanceOfCommonStock,ProceedsFromLoans,ProceedsFromNotesPayable,ProceedsFromOtherDebt,ProceedsFromRelatedPartyDebt,RepaymentsOfDebt,RetainedEarningsAccumulatedDeficit,Revenues,SellingGeneralAndAdministrativeExpense,StockholdersEquity,StockIssuedDuringPeriodSharesNewIssues,StockIssuedDuringPeriodValueNewIssues,StockIssuedDuringPeriodValueOther,WeightedAverageNumberOfShareOutstandingBasicAndDiluted,IncreaseDecreaseInOperatingLiabilities,OtherLiabilitiesCurrent,PreferredStockParOrStatedValuePerShare,PreferredStockSharesAuthorized,PreferredStockSharesIssued,PreferredStockSharesOutstanding,PreferredStockValue,ProceedsFromIssuanceOfPreferredStockAndPreferenceStock,SharesIssuedPricePerShare
2019-11-30,2020-02-13,10-Q,NOWTRANSIT INC.,NOTR,CIK0001784440,USD,,,2520.0,,,0.0,8015.0,,,0.0,0.0,,,0.0001,75000000.0,2800000.0,2800000.0,280.0,,,,,,8015.0,,,,6115.0,,0.0,,,,,,0.0,0.0,0.0,,0.0,6115.0,,-6115.0,,,,,0.0,,,6115.0,8015.0,,,6115.0,,-6115.0,0.0,,,0.0,,,,,,,,,6115.0,,-900.0,0.0,,1900.0,,,,2800000.0,,,,,,,,,
2020-02-29,2020-04-14,10-Q,NOWTRANSIT INC.,NOTR,CIK0001784440,USD,1750.0,,2493.0,,,,7939.0,,2624.0,2624.0,,,,0.0001,75000000.0,3070000.0,3070000.0,307.0,,,,,,5315.0,,,,6215.0,,0.0,,,,,,1926.0,0.0,,,,,,,,,,,,,,7965.0,7939.0,,,,,,-1926.0,,,-1926.0,,,,,,,,,,,-2826.0,0.0,,-26.0,,2700.0,,2903667.0,,,,,,,,,
2020-05-31,2020-07-13,10-Q,NOWTRANSIT INC.,NOTR,CIK0001784440,USD,760.0,,20854.0,,,,22874.0,,22874.0,22874.0,,,,0.0001,75000000.0,5461500.0,5461500.0,546.0,,,,,,0.0,,,,6401.0,,0.0,,,,,,2861.0,0.0,,,,,,,,,,,,,,7161.0,22874.0,,,,,,-2861.0,,,-2861.0,,,,,,,,,,,-5687.0,0.0,,-15713.0,,23915.0,,4062621.0,,,,,,,,,
2020-08-31,2020-11-25,10-K,NOWTRANSIT INC.,NOTR,CIK0001784440,USD,760.0,0.0,20854.0,8015.0,8015.0,0.0,20629.0,20629.0,20629.0,20629.0,20629.0,,0.0,0.0001,75000000.0,5461500.0,5461500.0,546.0,0.0,0.0,7051.0,,,0.0,0.0,1802.0,1802.0,7051.0,7051.0,0.0,0.0,0.21,-0.21,0.0,,7682.0,0.0,0.0,,,,1613.0,0.0,0.0,0.0,,,0.0,0.0,,7811.0,20629.0,760.0,760.0,28311.0,0.0,-7682.0,-7682.0,0.0,7682.0,-7682.0,0.0,6115.0,6115.0,,26615.0,760.0,0.0,,7051.0,0.0,-8582.0,0.0,7682.0,12818.0,,26615.0,,3793683.0,,,,,,,,,
2020-11-30,2021-01-14,10-Q,NOWTRANSIT INC.,NOTR,CIK0001784440,USD,760.0,5000.0,20854.0,,,,20051.0,,20051.0,20051.0,-578.0,,,0.0001,75000000.0,5461500.0,5461500.0,546.0,,,,,,,,,,7051.0,,0.0,,,,,,5578.0,0.0,0.0,0.0,5000.0,,,0.0,5000.0,0.0,,,0.0,,,12811.0,20051.0,,,0.0,,-578.0,-5578.0,,5578.0,-5578.0,,,,,,,,,0.0,,-14160.0,0.0,5578.0,7240.0,0.0,,,5461500.0,0.0,,,,,,,0.0,
2021-02-28,2021-04-13,10-Q,NOWTRANSIT INC.,NOTR,CIK0001784440,USD,760.0,,20854.0,,,,2383.0,,2383.0,2383.0,,,,0.0001,75000000.0,5461500.0,5461500.0,546.0,,,,,,,,,,7051.0,7051.0,0.0,,,,,,12668.0,0.0,,,,,,,,,,,,,,7811.0,2383.0,,,,,,-12668.0,,,-12668.0,,,,,,,,,,,-26828.0,0.0,,-5428.0,,,,5461500.0,,,,,,,,,
2021-05-31,2021-07-14,10-Q,NOWTRANSIT INC.,NOTR,CIK0001784440,USD,760.0,,20854.0,,,,374.0,,374.0,374.0,,,,0.0001,75000000.0,5461500.0,5461500.0,546.0,,,,,,,,,,8251.0,8251.0,,,,,,,3209.0,,,,,,,,,,,,,,,9011.0,374.0,,,,,,-3209.0,,,-3209.0,,,,,,,,,,,-30037.0,0.0,,-8637.0,,,,,,,,,,,,,
2021-08-31,2021-11-26,10-K,NOWTRANSIT INC.,NOTR,CIK0001784440,USD,0.0,,20854.0,0.0,0.0,,6314.0,6314.0,2035.0,2035.0,-18594.0,,,0.0001,75000000.0,5461500.0,5461500.0,546.0,0.0,0.0,7050.0,8251.0,298.0,,0.0,7180.0,7180.0,2893.0,,0.0,0.0,0.21,-0.21,0.0,,,0.0,0.0,,,,5378.0,,450.0,4279.0,450.0,450.0,0.0,450.0,,19106.0,6314.0,8713.0,8713.0,10845.0,,-29439.0,-25610.0,7050.0,25610.0,-25610.0,8251.0,0.0,0.0,4279.0,0.0,1200.0,7050.0,1200.0,2893.0,298.0,-34192.0,0.0,25610.0,-12792.0,,,,5461500.0,,0.0,,,0.0,0.0,0.0,,
2021-11-30,2022-01-14,10-Q,NOWTRANSIT INC.,NOTR,CIK0001784440,USD,3284.0,,120844.0,,,300000.0,96134.0,,96134.0,96134.0,94099.0,,,0.0001,75000000.0,5461500.0,5461500.0,546.0,,,,,298.0,,,,,2893.0,,0.0,,,,,,,0.0,0.0,3284.0,,,,,0.0,-4279.0,,,0.0,450.0,,23015.0,96134.0,8713.0,8713.0,100000.0,,-5901.0,-14089.0,7050.0,14089.0,-14089.0,,,,,,,,,,,-48281.0,0.0,14089.0,73119.0,0.0,100000.0,,5461500.0,625.0,625.0,0.0001,,100000.0,100000.0,10.0,100000.0,
