end,filed,form,Name,Ticker,CIK,Currency,AccountsPayableAndAccruedLiabilitiesCurrent,AccountsReceivableNet,AccruedInvestmentIncomeReceivable,AdditionalPaidInCapital,AdditionalPaidInCapitalCommonStock,AdditionalPaidInCapitalPreferredStock,AdjustmentsToAdditionalPaidInCapitalDebtWithDetachableStockPurchaseWarrantIssued,AssetImpairmentCharges,Assets,AssetsCurrent,BusinessAcquisitionPurchasePriceAllocationPropertyPlantAndEquipment,CapitalizedComputerSoftwareNet,CapitalizedComputerSoftwarePeriodIncreaseDecrease,Cash,CashAndCashEquivalentsAtCarryingValue,CashAndCashEquivalentsFairValueDisclosure,CashAndCashEquivalentsPeriodIncreaseDecrease,CashEquivalentsAtCarryingValue,CashFlowsBetweenTransferorAndTransfereeBeneficialInterest,CashPaidForCapitalizedInterest,CashPeriodIncreaseDecrease,CommonStockParOrStatedValuePerShare,CommonStockShareSubscribedButUnissuedSubscriptionsReceivable,CommonStockShareSubscriptionsButUnissuedValue,CommonStockSharesAuthorized,CommonStockSharesIssued,CommonStockSharesOutstanding,CommonStockSharesSubscribedButUnissuedValue,CommonStockSharesSubscriptions,CommonStockValue,CostOfGoodsSold,CostOfServices,CostsAndExpensesRelatedParty,DebtConversionConvertedInstrumentAmount,DeferredIncomeTaxesAndOtherAssetsCurrent,DeferredTaxAssetsNet,DeferredTaxAssetsTaxDeferredExpense,DeferredTaxAssetsTaxDeferredExpenseCompensationAndBenefitsShareBasedCompensationCost,DeferredTaxAssetsValuationAllowance,DeferredTaxAssetsValuationAllowanceCurrent,DepreciationAmortizationAndAccretionNet,DepreciationAndAmortization,DevelopmentStageEnterpriseDeficitAccumulatedDuringDevelopmentStage,DueFromJointVenturesCurrent,DueToRelatedParties,DueToRelatedPartiesCurrent,DueToRelatedPartiesCurrentAndNoncurrent,EarningsPerShareBasicAndDiluted,FiniteLivedComputerSoftwareGross,GeneralAndAdministrativeExpense,GrossProfit,ImpairmentOfLeasehold,IncomeLossFromContinuingOperationsBeforeInterestExpenseInterestIncomeIncomeTaxesExtraordinaryItemsNoncontrollingInterestsNet,IncreaseDecreaseInAccountsPayableAndAccruedLiabilities,IncreaseDecreaseInAccountsReceivable,IncreaseDecreaseInAccruedInterestReceivableNet,IncreaseDecreaseInDueToRelatedParties,IncreaseDecreaseInDueToRelatedPartiesCurrent,IncreaseDecreaseInInventories,IncreaseDecreaseInNotesPayableCurrent,IncreaseDecreaseInNotesReceivables,IncreaseDecreaseInOtherCurrentAssets,IncreaseDecreaseInOtherLoans,IncreaseDecreaseInPrepaidExpense,IndefiniteLivedLicenseAgreements,InterestExpense,InterestExpenseBeneficialInterestsIssuedByConsolidatedVariableInterestEntities,InterestIncomeExpenseNet,InventoryNet,InvestmentIncomeInterest,InvestmentsInAffiliatesSubsidiariesAssociatesAndJointVentures,InvestmentsInAndAdvancesToAffiliatesAtFairValuePeriodIncreaseDecrease,IssuanceOfStockAndWarrantsForServicesOrClaims,Liabilities,LiabilitiesAndStockholdersEquity,LitigationSettlementExpense,LoansAndLeasesReceivableCollateralForSecuredBorrowings,LoansAndLeasesReceivableRelatedParties,MarketingExpense,MinorityInterestInJointVentures,NetCashProvidedByUsedInFinancingActivities,NetCashProvidedByUsedInInvestingActivities,NetCashProvidedByUsedInOperatingActivities,NetIncomeLoss,NotesReceivableNet,OperatingExpenses,OperatingLossCarryforwards,OtherAssetImpairmentCharges,OtherAssets,OtherNoncashIncomeExpense,OtherReceivables,PreferredStockParOrStatedValuePerShare,PreferredStockSharesAuthorized,PreferredStockSharesIssued,PreferredStockSharesOutstanding,PreferredStockValue,PrepaidExpense,PrepaidExpenseAndOtherAssetsCurrent,PriorPeriodReclassificationAdjustment,ProceedsFromIssuanceOfCommonStock,ProceedsFromIssuanceOfRedeemablePreferredStock,ProceedsFromRelatedPartyDebt,ProceedsFromStockPlans,ProfessionalFees,ProfitLoss,PropertyPlantAndEquipmentAdditions,PropertyPlantAndEquipmentGrossPeriodIncreaseDecrease,PropertyPlantAndEquipmentNet,RelatedPartyDebtNoncurrent,RepaymentsOfRelatedPartyDebt,ResearchAndDevelopmentExpense,ResultsOfOperationsIncomeBeforeIncomeTaxes,ResultsOfOperationsRevenueOther,RetainedEarningsAccumulatedDeficit,Revenues,ServiceManagementCosts,ShorttermDebtFairValue,StockholdersEquity,StockIssued,StockIssued1,StockIssuedDuringPeriodSharesIssuedForServices,StockIssuedDuringPeriodSharesOther,StockIssuedDuringPeriodSharesPeriodIncreaseDecrease,StockIssuedDuringPeriodValueIssuedForServices,StockIssuedDuringPeriodValueOther,SubscriptionRevenue,UnrecognizedTaxBenefitsResultingInNetOperatingLossCarryforward,ValuationAllowanceAmount,WeightedAverageBasicSharesOutstandingProForma,WeightedAverageNumberOfShareOutstandingBasicAndDiluted,AccountsPayableRelatedPartiesCurrent,AccountsReceivableNetCurrent,AccumulatedDepreciationDepletionAndAmortizationPropertyPlantAndEquipment,CommonStockCapitalSharesReservedForFutureIssuance,ContractWithCustomerLiabilityCurrent,CostOfGoodsAndServicesSold,CostsAndExpenses,CustomerDepositsCurrent,DeferredIncomeTaxExpenseBenefit,DeferredRevenue,Depreciation,DividendsPayableCurrentAndNoncurrent,EmployeeBenefitsAndShareBasedCompensation,IncomeLossFromContinuingOperationsBeforeIncomeTaxesMinorityInterestAndIncomeLossFromEquityMethodInvestments,IncomeTaxExpenseBenefit,IncomeTaxesPaid,IncreaseDecreaseInAccountsAndOtherReceivables,IncreaseDecreaseInAccountsReceivableRelatedParties,IncreaseDecreaseInContractWithCustomerAsset,IncreaseDecreaseInDeferredCharges,InterestPaidCapitalized,LeaseAndRentalExpense,OperatingIncomeLoss,OtherExpenses,PaymentsForDeposits,PaymentsForRent,PaymentsOfDividends,PaymentsToAcquireOilAndGasEquipment,PrepaidExpenseCurrent,PropertyPlantAndEquipmentGross,PropertyPlantAndEquipmentOtherNet,ShareBasedCompensation,SharesIssued,AccountsPayableCurrent,CashCashEquivalentsRestrictedCashAndRestrictedCashEquivalentsPeriodIncreaseDecreaseIncludingExchangeRateEffect,IncreaseDecreaseInCustomerDeposits,InterestAndOtherIncome,OfficersCompensation,ProceedsFromIssuanceOrSaleOfEquity
2009-09-30,2010-01-13,10-K,CYTTA CORP.,CYCA,CIK0001383088,USD,,,,,,,,,,,,,,,19927.0,,,,,,,,,,,,,,,,,,,,,,,,,,,,,,,,,,,,,,,,,,,,,,,,,,,,,,,,,,,,,,,,,,,,,,,,,,,,,,,,,,,,,,,,,,,,,,,,,,,,,,,-27304.0,,,,,,,,,,,,,,,,,,,,,,,,,,,,,,,,,,,,,,,,,,,,,,,,,,,
2009-12-31,2010-02-16,10-Q,CYTTA CORP.,CYCA,CIK0001383088,USD,,,,,,,,,,,,,,,136.0,,,,,,,,,,,,,,,,,,,,,,,,,,,,,,,,,0.0,,168.0,,,-3463.0,-8563.0,,,,,,,,,,,,,,,,,,,,,,,,,,,12026.0,,-12026.0,-3463.0,,3463.0,,,,,,,,,,,,,,,,12026.0,,3295.0,-3463.0,,,,,,,-3463.0,,,,,,,,,,,,,,,,,605400000.0,,,,,,,,,,,,,,,,,,,,,,,,,,,,,,,,,,,,,,,,
2010-03-31,2010-05-14,10-Q,CYTTA CORP.,CYCA,CIK0001383088,USD,,,,,,,,,,,-206.0,,,,63785.0,,,,,,,,,,,,,,,,,,,,,,,,,,,,,,,,,0.0,,6505.0,,,-21195.0,,,,,,,,,,,,,-147.0,,,,,,,,,,,,,,,,,,,,21195.0,,,,-147.0,,,,,,,,,,,,,,7028.0,-21342.0,,,,,,,,-21342.0,,,7662.0,,,,,,,,,,,,,,693301296.0,,,,,,,,,,,,,,,,,,,,,,,,,,,,,,,,,,,,,,,
2010-06-30,2010-07-29,10-Q,CYTTA CORP.,CYCA,CIK0001383088,USD,,,,,,,,,,,,,,,2484.0,,,,,,,,,,,,,,,,,,,,,,,,,,,,,,,,,0.0,,8747.0,,,-70352.0,,,,,,,,,,,,,-234.0,,,,,,,,,,,,,,,,,,,,70352.0,,,,-234.0,,,,,,,,,,,,,,16605.0,-70586.0,,,,,,,70586.0,-70586.0,,,45000.0,,,,,,,,,,,,,1014616666.0,1014616666.0,,,,,,,,,,,,,,,,,,,,,,,,,,,,,,,,,,,,,,,
2010-09-30,2011-01-13,10-K,CYTTA CORP.,CYCA,CIK0001383088,USD,9272.0,,,489719.0,,,,,71862.0,71862.0,,0.0,,19927.0,19927.0,,,19927.0,,0.0,19791.0,,560.0,,,187500.0,,,,10221.0,,,55392.0,,,,,,,,,,-490936.0,,53026.0,53026.0,,0.0,,61659.0,,,-257562.0,-2330.0,,,,,,,,,,-51935.0,0.0,,,,,,,,,62298.0,71862.0,,,,,,88726.0,,-68935.0,-257562.0,,257562.0,,,,,,,,,,0.0,51935.0,51935.0,,,,13726.0,,57018.0,,,,,,,,,-257562.0,-490936.0,,138885.0,,9564.0,31930.0,,,,,,,,,,,868858120.0,,,,,,,,,,,,,,,,,,,,,,,,,,,,,,,,,,,,,,,
2010-12-31,2011-02-22,10-Q,CYTTA CORP.,CYCA,CIK0001383088,USD,6989.0,,,812219.0,,,325000.0,,206388.0,193428.0,,,,,171493.0,,151566.0,171493.0,,,,,560.0,,,,,,286000.0,12721.0,,,101000.0,,,,,,,,,,-974013.0,,61912.0,,,0.0,,10379.0,,312040.0,-482713.0,-2283.0,,,,,,,,312040.0,,30000.0,12960.0,-402.0,,,,38.0,,,,68901.0,206388.0,,,,,,193886.0,,-42320.0,-483077.0,,482713.0,,312040.0,12960.0,-364.0,,,,,,0.0,,21935.0,,,,5600.0,286000.0,40675.0,-483077.0,,,,,-97714.0,,-483077.0,-483077.0,,,119619.0,,137487.0,,,,,,,,,,,1219382551.0,1219382551.0,,,,,,,,,,,,,,,,,,,,,,,,,,,,,,,,,,,,,,,
2011-03-31,2011-05-19,10-Q,CYTTA CORP.,CYCA,CIK0001383088,USD,7982.0,,,812219.0,,,,,76951.0,63785.0,-206.0,,,,89555.0,,,63785.0,,,,,560.0,,,,,,301000.0,12721.0,,,,,,,,,,,,,-1156563.0,,99032.0,,,0.0,,12450.0,,,-182335.0,,,,,,,,,,,,12960.0,-310.0,,,,95.0,,,,107014.0,76951.0,,,,,,,,,,,182335.0,,,13166.0,-215.0,,,,,,0.0,,,,,,,,40028.0,-182550.0,,,206.0,,,,,-182550.0,,,129857.0,,-30063.0,,,,,,,,,,,,1328078203.0,,,,,,,,,,,,,,,,,,,,,,,,,,,,,,,,,,,,,,,
2011-06-30,2011-08-19,10-Q,CYTTA CORP.,CYCA,CIK0001383088,USD,8739.0,,,802219.0,,,,,265255.0,245033.0,-7262.0,,,214593.0,214593.0,,,214593.0,,,,,560.0,,,,,,568000.0,12721.0,1360.0,,,,,,,,,,,,-1341475.0,25000.0,191531.0,,,0.0,,26670.0,640.0,,-171711.0,,,,,,,,,,,,12960.0,-325.0,,84.0,5440.0,84.0,-25000.0,,,200270.0,265255.0,,,,,10000.0,,,,,,172351.0,,,20222.0,-241.0,,,,,,0.0,,,,,,,,32653.0,-171952.0,,,7262.0,,,,-171952.0,-171952.0,-1328515.0,2000.0,113028.0,,64985.0,,,,,,,,,,,1328078203.0,1328078203.0,,,,,,,,,,,,,,,,,,,,,,,,,,,,,,,,,,,,,,,
2011-09-30,2012-08-29,10-K,CYTTA CORP.,CYCA,CIK0001383088,USD,15058.0,,,1081499.0,1081499.0,296248.0,325000.0,,116936.0,101385.0,,4751.0,5000.0,,97899.0,97899.0,,97899.0,,0.0,77972.0,0.0,560.0,10000.0,3900000000.0,1600078203.0,1600078203.0,10000.0,10000.0,15441.0,2600.0,,,,,0.0,0.0,0.0,-558829.0,387001.0,,2409.0,-1596654.0,,290032.0,290032.0,,0.0,,231631.0,-350.0,,-1104646.0,5786.0,,,237006.0,,-3486.0,,,312040.0,,51935.0,10800.0,-1378.0,,,3486.0,307.0,,,,305090.0,116936.0,,,,25000.0,,820006.0,5000.0,-737034.0,-1105717.0,,1104296.0,,312040.0,15551.0,-1071.0,,0.001,100000000.0,4751536.0,4751536.0,4752.0,,,,272000.0,,,10000.0,48500.0,-1105717.0,,,,290032.0,,,,-1105717.0,-1596654.0,2250.0,487125.0,,-27304.0,,,,301000.0,,,,,558829.0,,,1314839847.0,,,,,,,,,,,,,,,,,,,,,,,,,,,,,,,,,,,,,,,
2011-12-31,2012-09-27,10-Q,CYTTA CORP.,CYCA,CIK0001383088,USD,19498.0,,,,1171799.0,593248.0,,,287056.0,254795.0,,4501.0,,,254795.0,,156896.0,254795.0,,,156896.0,,560.0,,,,,,10000.0,16141.0,10909.0,,,,,,,,,,,790.0,,,387032.0,,,0.0,,216452.0,1091.0,,-322471.0,4440.0,,,,,3486.0,,,,-17500.0,,10260.0,,,,,151.0,,,91000.0,406530.0,287056.0,,17500.0,,,,397000.0,-17500.0,-222604.0,-322320.0,,323562.0,,,32261.0,151.0,,,,,,7752.0,,,,,,97000.0,,,-322320.0,,,,,,,,-322320.0,-1918974.0,12000.0,107110.0,,-119474.0,,,,300000.0,,,,,,,,1623665160.0,,,,,,,,,,,,,,,,,,,,,,,,,,,,,,,,,,,,,,,
2012-03-31,2012-09-27,10-Q,CYTTA CORP.,CYCA,CIK0001383088,USD,19498.0,,,,1171799.0,1217348.0,,,154246.0,122775.0,,4251.0,,,89555.0,,,89555.0,,,,,560.0,,,,,,10000.0,16141.0,,,,,,,,,,,,,-2767252.0,,470500.0,,,-0.15,,735788.0,,,-848285.0,,,,,,,,,,,,9720.0,,,,33220.0,7.0,,,,489998.0,154246.0,,17500.0,,,,,,,-848278.0,,848285.0,,,31471.0,7.0,,,,,,15652.0,,,,,,,,,-848278.0,,,,,,,,-848278.0,,,112497.0,,-335752.0,,,,,,,,,,,,5566927.0,,,,,,,,,,,,,,,,,,,,,,,,,,,,,,,,,,,,,,,
2012-06-30,2012-09-27,10-Q,CYTTA CORP.,CYCA,CIK0001383088,USD,19498.0,,,,1171799.0,1217348.0,,,158140.0,120970.0,-6489.0,4001.0,,,80251.0,,,80251.0,,,,,560.0,,,,,,126813.0,16141.0,,,,,,,,,,,,,,,576400.0,,,-0.04,6489.0,109282.0,1405.0,,-218818.0,,,,,,,,,,,,9180.0,,,,40719.0,,,,,595898.0,158140.0,,17500.0,,,,,,,-218818.0,,220223.0,,,30681.0,,,,,,,15652.0,,,,,,,,2500.0,-218818.0,,,,,,,,-218818.0,-2986071.0,1405.0,108441.0,,-437758.0,,,,,,,,,,,,5566927.0,,,,,,,,,,,,,,,,,,,,,,,,,,,,,,,,,,,,,,,
2012-09-30,2012-12-26,10-K,CYTTA CORP.,CYCA,CIK0001383088,USD,19499.0,,,1171799.0,1182933.0,1217348.0,,,96295.0,36080.0,,3751.0,,,36080.0,36080.0,,36080.0,,,-60619.0,0.0,187.0,293063.0,3900000000.0,1670078203.0,1670078203.0,,299063.0,5380.0,17693.0,,,,0.0,0.0,0.0,0.0,-3308299.0,598656.0,,3160.0,-3308299.0,,,664532.0,660532.0,-0.31,,468667.0,26250.0,,-1709481.0,4441.0,,,,370500.0,3486.0,,-28835.0,,-17500.0,,8640.0,-1244.0,,,,280.0,,,91000.0,684031.0,96295.0,,17500.0,17500.0,,,593063.0,-47824.0,-605858.0,-1710445.0,23835.0,1735731.0,3308299.0,,60215.0,-964.0,,0.001,100000000.0,20403072.0,20403072.0,15652.0,,,-1199.0,,632000.0,,,113775.0,-1710445.0,,-6489.0,6489.0,660532.0,,715711.0,,-1710445.0,-3308299.0,43943.0,437578.0,-643951.0,-587736.0,,0.0,,300000.0,300000.0,,,,1157485.0,598656.0,,5528038.0,,,,,,,,,,,,,,,,,,,,,,,,,,,,,,,,,,,,,,,
2012-12-31,2013-02-20,10-Q,CYTTA CORP.,CYCA,CIK0001383088,USD,19498.0,,,,1171799.0,1217348.0,,,105457.0,46357.0,,3501.0,,,46357.0,,,46357.0,,,10277.0,,560.0,,,,,,531863.0,16141.0,,,,,,,,,,,,1114.0,,,,766032.0,,-0.06,,200445.0,,,-325137.0,,,,,,,,,,,,8100.0,,128700.0,,,,,,,785530.0,105457.0,,17500.0,,,,205600.0,,-195323.0,-325137.0,23835.0,328137.0,,,59100.0,,,,,,,15652.0,,,,,,105500.0,100100.0,26000.0,,,,6164.0,766032.0,,,,-325137.0,-3633436.0,,98692.0,,-680073.0,,,,,,,,100100.0,,,,5566927.0,,,,,,,,,,,,,,,,,,,,,,,,,,,,,,,,,,,,,,,
2013-03-31,2013-05-24,10-Q,CYTTA CORP.,CYCA,CIK0001383088,USD,7165.0,,,,2946426.0,67066.0,,,100526.0,41891.0,,3251.0,,,41891.0,,,41891.0,,,,,2.0,,,,,,166200.0,12629.0,,,,,,,,,,,,,-3997735.0,,,897840.0,,-0.05,,245463.0,,,-360017.0,,,,,,,,,,,,7560.0,,,,,,,,,905005.0,100526.0,,17500.0,,,,,,,-360017.0,23835.0,360017.0,,,58635.0,,,,,,,933.0,,,,,,,,24201.0,,,,6489.0,897840.0,,,,-360017.0,,,90353.0,,-804479.0,,,,,,,,,,,,7776360.0,,,,,,,,,,,,,,,,,,,,,,,,,,,,,,,,,,,,,,,
2013-06-30,2013-08-07,10-Q,CYTTA CORP.,CYCA,CIK0001383088,USD,7165.0,2600.0,1073.0,,2946425.0,67067.0,,,78885.0,21365.0,,3001.0,,,17692.0,,,17692.0,,,,,2.0,,,,,,221200.0,12628.0,,,,,,,,,,,,,,,,992960.0,992960.0,-0.01,,67046.0,2600.0,,-172683.0,,,,,,,,,,,,7020.0,,,,,358.0,,,,1000125.0,78885.0,,17500.0,,,,,,,-172325.0,23835.0,175283.0,,,57520.0,358.0,,,,,,933.0,,,,,,,,20000.0,,,,6164.0,,,,,-172325.0,-4169495.0,2600.0,88237.0,,-921240.0,,,,,,,,,,,,12630489.0,,,,,,,,,,,,,,,,,,,,,,,,,,,,,,,,,,,,,,,
2013-09-30,2014-01-17,10-K,CYTTA CORP.,CYCA,CIK0001383088,USD,7165.0,,,,4767104.0,67067.0,,,245704.0,188268.0,,2751.0,,,188068.0,,,188068.0,128700.0,,150788.0,0.001,187.0,,100000000.0,22701904.0,22701904.0,,477782.0,22515.0,,,,,0.0,0.0,,0.0,-5566721.0,,,3809.0,,,,469672.0,469672.0,-0.1,,1802275.0,2800.0,,-2264853.0,-12334.0,-200.0,,,428472.0,,,3853.0,,,,6480.0,,,,,6431.0,,,1393493.0,476837.0,245704.0,,17500.0,17500.0,,,468300.0,-1030.0,-316482.0,-2258422.0,19982.0,2267653.0,5566721.0,,57436.0,6431.0,200.0,0.001,100000000.0,933350.0,933350.0,933.0,,,,,,,,93791.0,-2258422.0,,-4883.0,10723.0,,,1597.0,,-2258422.0,-5566721.0,2800.0,369990.0,,-231133.0,,0.0,,,,,,,,790448.0,,22701905.0,,,,,,,,,,,,,,,,,,,,,,,,,,,,,,,,,,,,,,,
2013-12-31,2014-02-24,10-Q,CYTTA CORP.,CYCA,CIK0001383088,USD,7165.0,,,,4767104.0,67067.0,,,113954.0,57577.0,,2501.0,,,57377.0,,,57377.0,,,-130691.0,,187.0,,,,,,911650.0,22515.0,,,,,,,,,,,,1359.0,,,,117782.0,117782.0,0.0,,71238.0,400.0,,-214028.0,,,-300.0,,,,,,,,,5940.0,,,,,300.0,,,,124947.0,113954.0,,17500.0,,,,81978.0,,-212669.0,-213728.0,20282.0,214428.0,,,56377.0,300.0,200.0,,,,,933.0,,,,,,81978.0,,26730.0,,,,10154.0,,,8138.0,,-213728.0,-5780449.0,400.0,108322.0,,-10993.0,,,,,,,,,,,,1670078203.0,,,,,,,,,,,,,,,,,,,,,,,,,,,,,,,,,,,,,,,
2014-03-31,2014-05-19,10-Q,CYTTA CORP.,CYCA,CIK0001383088,USD,7165.0,,,,4905937.0,67067.0,,,64741.0,26723.0,,2251.0,,,26723.0,,,26723.0,,,,0.001,187.0,,100000000.0,23768676.0,23768676.0,,902650.0,23582.0,,,,,,,,,,,,,,,,336781.0,,-0.02,,268674.0,,,-399412.0,,,,,,,,,,,,5400.0,,,,,300.0,,,,343946.0,64741.0,,,,,,,,,-399112.0,,399412.0,,,38018.0,300.0,,0.001,100000000.0,933350.0,933350.0,933.0,,,,,,,,19000.0,,,,30367.0,,,14000.0,,-399112.0,-6179561.0,,97738.0,,-279205.0,,,,,,,,,,,,24306175.0,,,,,,,,,,,,,,,,,,,,,,,,,,,,,,,,,,,,,,,
2014-06-30,2014-08-29,10-Q,CYTTA CORP.,CYCA,CIK0001383088,USD,22165.0,,,,6191634.0,47399.0,,,56901.0,20191.0,,2001.0,,,13191.0,,,13191.0,,,,0.001,4997.0,,100000000.0,30635324.0,30635324.0,,659473.0,25639.0,,,,,,,,,,,,,,,,438100.0,,-0.02,,367074.0,11500.0,,-455496.0,,,,,,,,,,,,4860.0,,,,,,,,,460265.0,56901.0,-33050.0,,,,,,,,-488546.0,,466996.0,,,36710.0,-33050.0,7000.0,0.001,100000000.0,933350.0,933350.0,600.0,,,,,,,,3745.0,,,,4134.0,,,852.0,,-488546.0,-7333106.0,11500.0,95325.0,,-403364.0,,,,,,,,,,,,28397093.0,,,,,,,,,,,,,,,,,,,,,,,,,,,,,,,,,,,,,,,
2021-09-30,2022-01-12,10-K,CYTTA CORP.,CYCA,CIK0001383088,USD,46054.0,,,23330612.0,,,,,1273054.0,1102449.0,,,,173196.0,173196.0,,-674450.0,,,,,0.001,,,500000000.0,296236627.0,296236627.0,,323583.0,296237.0,,,648831.0,,,,,,,,,40866.0,,,,,,-0.01,,1976471.0,52754.0,,-2572548.0,18846.0,,,,,-44566.0,,,,,-9410.0,,20989.0,,,78765.0,,,,,406809.0,1273054.0,,,,,,707500.0,-68414.0,-1313536.0,-2593537.0,,2625302.0,,,,,,0.001,100000000.0,,,0.0,,29410.0,,,,,-707500.0,,,,,170605.0,,,,,,-22774905.0,94626.0,,,866245.0,,106952.0,16750000.0,,,1300375.0,,,,,,294491512.0,12551.0,27694.0,60295.0,323583.0,3588.0,41872.0,20989.0,0.0,0.0,3588.0,40866.0,21033.0,1365667.0,-2593537.0,0.0,0.0,-27694.0,12551.0,-50480.0,3588.0,0.0,,1025441.0,45837.0,50400.0,3500.0,21033.0,68414.0,772394.0,230900.0,170605.0,787771.0,17280000.0,,,,,,
2021-12-31,2022-02-11,10-Q,CYTTA CORP.,CYCA,CIK0001383088,USD,50588.0,,,27386783.0,,,,,4107388.0,3948687.0,,,,2614386.0,2614386.0,,,,,,,0.001,,,500000000.0,376315718.0,376315718.0,,54750.0,376316.0,,,465282.0,,,,,,,,,11904.0,,,,,,0.0,,653704.0,937.0,,-1118049.0,4533.0,,,,,-52300.0,,,,,3440.0,,46057.0,,,131065.0,,,,,282650.0,4107388.0,,,,,,2963500.0,0.0,-522310.0,-1164106.0,,1118986.0,,,,,,0.001,100000000.0,,,0.0,,,,0.0,,,,,,,,158701.0,,,,,,-23939011.0,937.0,,,3824738.0,,,59270000.0,909091.0,,560267.0,,,,,,300648716.0,141233.0,0.0,72199.0,1347894.0,2652.0,0.0,46057.0,,,2652.0,11904.0,33427.0,455985.0,-1164106.0,0.0,0.0,27694.0,128682.0,,-936.0,0.0,,,4163.0,50400.0,10500.0,12394.0,0.0,1203236.0,230900.0,158701.0,465282.0,,300000.0,2441190.0,0.0,0.0,39063.0,2963500.0
