end,filed,form,Name,Ticker,CIK,Currency,AccountsPayableAndAccruedLiabilitiesCurrent,AccountsPayableCurrent,AccountsPayableOtherCurrent,AccountsReceivableNetCurrent,AccruedLiabilitiesCurrent,AccumulatedDepreciationDepletionAndAmortizationPropertyPlantAndEquipment,AdditionalPaidInCapital,AdditionalPaidInCapitalCommonStock,AdjustmentsToAdditionalPaidInCapitalSharebasedCompensationRequisiteServicePeriodRecognitionValue,AssetImpairmentCharges,Assets,AssetsCurrent,CashAndCashEquivalentsAtCarryingValue,CashAndCashEquivalentsPeriodIncreaseDecrease,CommonStockParOrStatedValuePerShare,CommonStockSharesAuthorized,CommonStockSharesIssued,CommonStockSharesOutstanding,CommonStockValue,CostOfGoodsSold,CurrentFederalTaxExpenseBenefit,CurrentStateAndLocalTaxExpenseBenefit,DebtInstrumentDecreaseForgiveness,DeferredFederalIncomeTaxExpenseBenefit,DeferredStateAndLocalIncomeTaxExpenseBenefit,DeferredTaxAssetsGross,DeferredTaxAssetsGrossCurrent,DeferredTaxAssetsNet,DeferredTaxAssetsOperatingLossCarryforwards,DeferredTaxAssetsValuationAllowance,DeferredTaxLiabilities,Depreciation,DueFromRelatedPartiesCurrent,DueToRelatedPartiesCurrent,EarningsPerShareBasic,EarningsPerShareBasicAndDiluted,EarningsPerShareDiluted,EffectiveIncomeTaxRateReconciliationAtFederalStatutoryIncomeTaxRate,EffectiveIncomeTaxRateReconciliationStateAndLocalIncomeTaxes,EquityMethodInvestmentOwnershipPercentage,GeneralAndAdministrativeExpense,GrossProfit,ImpairmentOfLongLivedAssetsHeldForUse,IncomeLossFromContinuingOperationsBeforeIncomeTaxesDomestic,IncomeLossFromContinuingOperationsBeforeIncomeTaxesExtraordinaryItemsNoncontrollingInterest,IncomeLossFromContinuingOperationsBeforeIncomeTaxesMinorityInterestAndIncomeLossFromEquityMethodInvestments,IncomeTaxExpenseBenefit,IncomeTaxesPaid,IncomeTaxReconciliationChangeInDeferredTaxAssetsValuationAllowance,IncomeTaxReconciliationIncomeTaxExpenseBenefitAtFederalStatutoryIncomeTaxRate,IncomeTaxReconciliationNondeductibleExpense,IncomeTaxReconciliationStateAndLocalIncomeTaxes,IncreaseDecreaseInAccountsPayableAndAccruedLiabilities,IncreaseDecreaseInAccountsPayableRelatedParties,IncreaseDecreaseInAccountsReceivable,IncreaseDecreaseInDueFromRelatedPartiesCurrent,IncreaseDecreaseInDueToRelatedPartiesCurrent,InterestExpense,InterestPaid,IssuanceOfStockAndWarrantsForServicesOrClaims,Liabilities,LiabilitiesAndStockholdersEquity,LiabilitiesCurrent,LoansPayableCurrent,MachineryAndEquipmentGross,NetCashProvidedByUsedInFinancingActivities,NetCashProvidedByUsedInFinancingActivitiesContinuingOperations,NetCashProvidedByUsedInInvestingActivitiesContinuingOperations,NetCashProvidedByUsedInOperatingActivities,NetCashProvidedByUsedInOperatingActivitiesContinuingOperations,NetIncomeLoss,OperatingExpenses,OperatingIncomeLoss,OperatingLossCarryforwards,OtherCostAndExpenseOperating,OtherDepreciationAndAmortization,OtherNoncashIncomeExpense,PaymentsToAcquireProductiveAssets,PreferredStockParOrStatedValuePerShare,PreferredStockSharesAuthorized,PreferredStockSharesIssued,PreferredStockSharesOutstanding,PreferredStockValue,ProceedsFromContributedCapital,ProceedsFromIssuanceOfCommonStock,ProceedsFromRelatedPartyDebt,ProceedsFromRepaymentsOfOtherLongTermDebt,ProceedsFromRepaymentsOfRelatedPartyDebt,ProceedsFromSecuredNotesPayable,ProceedsFromUnsecuredNotesPayable,ProfessionalFees,ProfitLoss,PropertyPlantAndEquipmentGross,PropertyPlantAndEquipmentNet,RepaymentsOfNotesPayable,RestructuringCostsAndAssetImpairmentCharges,RetainedEarningsAccumulatedDeficit,Revenues,SaleOfStockNumberOfSharesIssuedInTransaction,SaleOfStockPercentageOfOwnershipAfterTransaction,SaleOfStockPricePerShare,ShareBasedCompensation,SharesIssuedPricePerShare,StockholdersEquity,StockIssued1,StockIssuedDuringPeriodSharesNewIssues,StockIssuedDuringPeriodSharesPurchaseOfAssets,StockIssuedDuringPeriodValueIssuedForServices,StockIssuedDuringPeriodValueNewIssues,StockIssuedDuringPeriodValuePurchaseOfAssets,StockIssuedDuringPeriodValueShareBasedCompensationGross,ValuationAllowanceDeferredTaxAssetChangeInAmount,WeightedAverageNumberOfShareOutstandingBasicAndDiluted,WeightedAverageNumberOfSharesOutstandingBasic
2015-04-30,2015-06-15,10-Q,"TRENDMAKER, INC. LIMITED",TMIN,CIK0001613685,USD,27507.0,,,,,224.0,,147206.0,,,18199.0,17527.0,17527.0,,0.0001,100000000.0,6437500.0,6437500.0,644.0,,,,,,,,,,,,,,,100.0,0.0,-0.01,,,,,22733.0,,,,-38833.0,-38833.0,0.0,,,,,,,,,,,,,,27607.0,18199.0,,0.0,896.0,,,,,,-38833.0,38833.0,-38833.0,,16100.0,,,,0.0001,10000000.0,0.0,0.0,0.0,,,,,,,,16100.0,,896.0,672.0,,,-157258.0,,,,,,,-9408.0,,,,,,,,,6437500.0,12875000.0
2015-07-31,2015-11-13,10-K,"TRENDMAKER, INC. LIMITED",TMIN,CIK0001613685,USD,40650.0,40650.0,,0.0,,270.0,,153762.0,13600.0,,9117.0,8491.0,8491.0,-99835.0,0.0001,100000000.0,12875000.0,12875000.0,1288.0,,0.0,0.0,,0.0,0.0,62568.0,0.0,0.0,62568.0,62568.0,0.0,180.0,,100.0,,-0.01,,0.34,0.069,,95912.0,,,,,-141456.0,0.0,0.0,49288.0,-44776.0,5248.0,-9760.0,28970.0,,,,,,0.0,0.0,40750.0,9117.0,40750.0,100.0,896.0,,-1129.0,0.0,,-98706.0,-141456.0,141456.0,-141456.0,162297.0,,180.0,,0.0,0.0001,10000000.0,0.0,0.0,0.0,,0.0,0.0,,,,0.0,45544.0,,896.0,626.0,1129.0,,-186683.0,,,,,13600.0,,-31634.0,,,,9600.0,,,,49288.0,12875000.0,
2015-10-31,2015-12-16,10-Q,"TRENDMAKER, INC. LIMITED",TMIN,CIK0001613685,USD,61381.0,,,25.0,,315.0,,169596.0,5200.0,,5052.0,4471.0,4446.0,-4045.0,,100000000.0,6537500.0,6537500.0,654.0,0.0,,,,,,,,,,,,45.0,,100.0,,-0.01,-0.01,,,,33825.0,35.0,,,-39996.0,-39996.0,0.0,,,,,,20731.0,,25.0,25.0,,,,,61481.0,5052.0,,,896.0,10000.0,10000.0,,-14045.0,-14045.0,-39996.0,40031.0,,,,,,,0.0001,10000000.0,0.0,0.0,0.0,,10000.0,,,,,,6206.0,,896.0,581.0,0.0,,-226679.0,35.0,,,,5200.0,,-56429.0,,,,5200.0,10000.0,,,,6485326.0,
2016-01-31,2016-04-01,10-Q,"TRENDMAKER, INC. LIMITED",TMIN,CIK0001613685,USD,97711.0,,,0.0,,360.0,,174796.0,,,1460.0,924.0,924.0,,0.0001,100000000.0,6537500.0,6537500.0,654.0,0.0,,,,,,,,,,,,,,100.0,,-0.01,-0.01,,,,27634.0,43.0,,,-45122.0,-45122.0,0.0,,,,,,,,,,,75.0,,,97811.0,1460.0,,,896.0,,,,,,-45122.0,45090.0,-45090.0,,,,,,0.0001,10000000.0,0.0,0.0,0.0,,,,,,,,17456.0,,896.0,536.0,,,-271801.0,43.0,,,0.1,,,-96351.0,,,,,,,,,6537500.0,
2016-04-30,2016-11-09,10-Q,"TRENDMAKER, INC. LIMITED",TMIN,CIK0001613685,USD,,21535.0,,,,,,269149.0,,,5.0,,5.0,,,,,,1308.0,,,,,,,,,,,,,,,,0.0,0.0,,,,,14756.0,22.0,,,-25185.0,,,,,,,,,,,,,,,,,5.0,26535.0,5000.0,,,,,,,-25185.0,25207.0,-25207.0,,10451.0,,,,,,,,,,,,,,,,10451.0,,,,,,-296987.0,22.0,,,,,,-26530.0,,,,,,,,,13075000.0,13075000.0
2016-07-31,2018-03-15,10-K,"TRENDMAKER, INC. LIMITED",TMIN,CIK0001613685,USD,14246.0,11002.0,,,3244.0,,269152.0,269132.0,20400.0,,0.0,,,-8491.0,0.0001,100000000.0,12875000.0,12875000.0,1288.0,,,,100.0,,,111708.0,,,111708.0,113607.0,,90.0,,39905.0,,-0.01,,,,,91355.0,111.0,536.0,-137907.0,-137907.0,-137907.0,,,49159.0,-43653.0,4010.0,-9516.0,-26405.0,94890.0,,,39805.0,300.0,,,54151.0,0.0,54151.0,,,104990.0,144795.0,,-113481.0,-153822.0,-137907.0,137718.0,-137607.0,289771.0,,356.0,,,0.0001,10000000.0,0.0,0.0,,94890.0,10000.0,39905.0,,,,,46363.0,,,,,,-324591.0,111.0,,,,10400.0,,-54151.0,,,,,10000.0,,,49159.0,12875000.0,
2016-10-31,2019-05-08,10-Q,"TRENDMAKER, INC. LIMITED",TMIN,CIK0001613685,USD,16625.0,,,,2095.0,,647947.0,,,,287425.0,287425.0,,,0.0001,100000000.0,13326000.0,13326000.0,1333.0,,,,,,,,,,,,,,287425.0,97797.0,,-0.01,-0.01,,,,128408.0,43200.0,,,-151686.0,,,,,,,,2379.0,,,287425.0,97797.0,,,,114422.0,287425.0,114422.0,,,378840.0,,,-378840.0,,-151686.0,,,,,,,,0.0001,10000000.0,,,,,378840.0,,,,,,66478.0,,,,,,-476277.0,,,,,,0.84,173003.0,,451000.0,,,378840.0,,,,13025675.0,
2017-01-31,2019-05-08,10-Q,"TRENDMAKER, INC. LIMITED",TMIN,CIK0001613685,USD,8868.0,,,,2095.0,,770573.0,,,,395155.0,395155.0,,,0.0001,100000000.0,13472000.0,13472000.0,1347.0,,,,,,,,,,,,,,395155.0,167495.0,,-0.01,-0.01,,,,74607.0,15750.0,,,-76851.0,,,,,,,,,,,,,,,,176363.0,395155.0,176363.0,,,,,,,,-76851.0,,,,,,,,0.0001,10000000.0,,,,,,,,,,,17994.0,,,,,,-553128.0,,,,,,0.84,218792.0,,,,,,,,,13413088.0,
2017-04-30,2019-05-08,10-Q,"TRENDMAKER, INC. LIMITED",TMIN,CIK0001613685,USD,11278.0,,,,2095.0,,825166.0,,,,441955.0,441955.0,,,0.0001,100000000.0,13537000.0,13537000.0,1354.0,,,,,,,,,,,,,,441955.0,199517.0,,0.0,,,,,29097.0,5850.0,,,-42232.0,,,,,,,,,,,,,,,,210795.0,441955.0,210795.0,,,,,,,,-42232.0,,,,,,,,0.0001,10000000.0,,,,,,,,,,,18985.0,,,,,,-595360.0,,,,,,0.84,231160.0,,,,,,,,,13515090.0,
2017-07-31,2019-05-08,10-K,"TRENDMAKER, INC. LIMITED",TMIN,CIK0001613685,USD,16698.0,11698.0,,,5000.0,,825166.0,,,,438686.0,438686.0,,,0.0001,100000000.0,13537000.0,13537000.0,1354.0,,,,,,,,,,,212912.0,,,438686.0,203700.0,,-0.02,,,,,235812.0,,,-283641.0,-283641.0,,,,,,,,2453.0,,,438686.0,203700.0,,,,220398.0,438686.0,220398.0,,,556080.0,,,-556080.0,,-283641.0,,,608232.0,,,,,0.0001,10000000.0,,,,,556080.0,,,,,,112629.0,,,,,,-608232.0,,,,,,0.84,218288.0,,662000.0,,,556080.0,,,,13371543.0,
2017-10-31,2019-05-08,10-Q,"TRENDMAKER, INC. LIMITED",TMIN,CIK0001613685,USD,13660.0,,,,5000.0,,825166.0,,,,426180.0,426180.0,,0.0,0.0001,100000000.0,13537000.0,13537000.0,1354.0,,,,,,,,,,,,,,426180.0,207821.0,,-0.001,,,,,822.0,,,,-13589.0,,,,,,,,-3038.0,,,-12506.0,4121.0,,,,221481.0,426180.0,221481.0,,,,,,0.0,,-13589.0,,,,,,,,0.0001,10000000.0,,,,,,,,,,,12767.0,,,,,,-621821.0,,,,,,,204699.0,,,,,,,,,13537000.0,
2018-01-31,2019-05-08,10-Q,"TRENDMAKER, INC. LIMITED",TMIN,CIK0001613685,USD,223903.0,,,,5000.0,,825166.0,,,,423255.0,423255.0,,,0.0001,100000000.0,13537000.0,13537000.0,1354.0,,,,,,,,,,,,,,423255.0,,,-0.0004,,,,,747.0,,,,-5347.0,,,,,,,,,,,,,,,,223903.0,423255.0,223903.0,,,,,,,,-5347.0,,,,,,,,0.0001,10000000.0,,,,,,,,,,,4600.0,,,,,,-627168.0,,,,,,,199352.0,,,,,,,,,13537000.0,
2018-04-30,2019-05-08,10-Q,"TRENDMAKER, INC. LIMITED",TMIN,CIK0001613685,USD,217566.0,,,,5000.0,,825166.0,,,,408037.0,408037.0,,,0.0001,100000000.0,13537000.0,13537000.0,1354.0,,,,,,,,,,,,,,408037.0,,,-0.0006,,,,,5249.0,,,,-8881.0,,,,,,,,,,,,,,,,217566.0,408037.0,217566.0,,,,,,,,-8881.0,,,,,,,,0.0001,10000000.0,,,,,,,,,,,3632.0,,,,,,-636049.0,,,,,,,190471.0,,,,,,,,,13537000.0,
2018-07-31,2019-05-08,10-K,"TRENDMAKER, INC. LIMITED",TMIN,CIK0001613685,USD,224842.0,214842.0,,,1000.0,,825166.0,,,,386669.0,386669.0,,,0.0001,100000000.0,13537000.0,13537000.0,1354.0,,,,,,,,,,,139586.0,,,386669.0,,,-0.004,,,,,32381.0,,,-56461.0,-56461.0,,,,,,,,208144.0,,,52017.0,-203700.0,,,,224842.0,386669.0,224842.0,,,,,,,,-56461.0,,,664693.0,,,,,0.0001,10000000.0,,,,,,,,,,,24080.0,,,,,,-664693.0,,,,,,,161827.0,,,,,,,,,13537000.0,
2018-10-31,2019-06-21,10-Q,"TRENDMAKER, INC. LIMITED",TMIN,CIK0001613685,USD,227342.0,,,,12500.0,,825166.0,,,,377804.0,377804.0,,0.0,0.0001,100000000.0,13537000.0,13537000.0,1354.0,,,,,,,,,,,,,,377804.0,,,-0.0008,,,,,11365.0,,,,-11365.0,-11365.0,,,,,,,2500.0,,,-8865.0,,,,,227342.0,377804.0,227342.0,,,,,,0.0,,-11365.0,,,,,,,,0.0001,10000000.0,,,,,,,,,,,,,,,,,-676058.0,,,,,,,150462.0,,,,,,,,,13537000.0,
2019-01-31,2019-06-21,10-Q,"TRENDMAKER, INC. LIMITED",TMIN,CIK0001613685,USD,229842.0,,,,15000.0,,825166.0,,,,374455.0,374455.0,,,0.0001,100000000.0,13537000.0,13537000.0,1354.0,,,,,,,,,,,,,,374455.0,,,-0.0004,,,,,5849.0,,,,-5849.0,-5849.0,,,,,,,,,,,,,,,229842.0,374455.0,229842.0,,,,,,,,-5849.0,,,,,,,,0.0001,10000000.0,,,,,,,,,,,,,,,,,-681907.0,,,,,,,144613.0,,,,,,,,,13537000.0,
2019-04-30,2019-06-21,10-Q,"TRENDMAKER, INC. LIMITED",TMIN,CIK0001613685,USD,232342.0,,,,17500.0,,825166.0,,,,373355.0,373355.0,,,0.0001,100000000.0,13537000.0,13537000.0,1354.0,,,,,,,,,,,,,,373355.0,,,-0.0003,,,,,3600.0,,,,-3600.0,-3600.0,,,,,,,,,,,,,,,232342.0,373355.0,232342.0,,,,,,,,-3600.0,,,,,,,,0.0001,10000000.0,,,,,,,,,,,,,,,,,-685507.0,,,,,,,141013.0,,,,,,,,,13537000.0,
2019-07-31,2019-10-11,10-K,"TRENDMAKER, INC. LIMITED",TMIN,CIK0001613685,USD,240142.0,214842.0,,,25300.0,,825166.0,,,,337688.0,337688.0,,,0.0001,100000000.0,13537000.0,13537000.0,1354.0,,,,,,,,,,,153085.0,,,337688.0,,,-0.005,,,,,64281.0,,,-64281.0,-64281.0,-64281.0,,,,,,,15300.0,,,-48981.0,,,,,240142.0,337688.0,240142.0,,,,,,64281.0,,0.0,,,728974.0,,,,,0.0001,10000000.0,,,,,,,,,,,,,,,,,-728974.0,,,,,,,97546.0,,,,,,,,,13537000.0,
2019-10-31,2019-12-12,10-Q,"TRENDMAKER, INC. LIMITED",TMIN,CIK0001613685,USD,225142.0,,,,10300.0,,825166.0,,,,311410.0,311410.0,,,0.0001,100000000.0,13537000.0,13537000.0,1354.0,,,,,,,,,,,,,,311410.0,,,-0.0008,,,,,11278.0,,,,,-11278.0,,,,,,,-15000.0,,,-26278.0,,,,,225142.0,311410.0,225142.0,,,,,,,,-11278.0,,,,,,,,0.0001,10000000.0,,,,,,,,,,,,,,,,,-740252.0,,,,,,,86268.0,,,,,,,,,13537000.0,
2020-01-31,2020-03-06,10-Q,"TRENDMAKER, INC. LIMITED",TMIN,CIK0001613685,USD,220761.0,,,,5919.0,,825166.0,,,,300487.0,300487.0,,,0.0001,100000000.0,13537000.0,13537000.0,1354.0,,,,,,,,,,,,,,300487.0,,,-0.0004,,,,,6542.0,,,,,-6542.0,,,,,,,,,,,,,,,220761.0,300487.0,220761.0,,,,,,,,-6542.0,,,,,,,,0.0001,10000000.0,,,,,,,,,,,,,,,,,-746794.0,,,,,,,79726.0,,,,,,,,,13537000.0,
2020-04-30,2020-06-04,10-Q,"TRENDMAKER, INC. LIMITED",TMIN,CIK0001613685,USD,220922.0,,,,6080.0,,825166.0,,,,293199.0,293199.0,,,0.0001,100000000.0,13537000.0,13537000.0,1354.0,,,,,,,,,,,,,,293199.0,,,-0.0006,,,,,7449.0,,,,,-7449.0,,,,,,,,,,,,,,,220922.0,293199.0,220922.0,,,,,,,,-7449.0,,,,,,,,0.0001,10000000.0,,,,,,,,,,,,,,,,,-754243.0,,,,,,,72277.0,,,,,,,,,13537000.0,
2020-07-31,2020-10-22,10-K,"TRENDMAKER, INC. LIMITED",TMIN,CIK0001613685,USD,222912.0,214842.0,214842.0,,8070.0,,825166.0,,,,284116.0,284116.0,0.0,,0.0001,100000000.0,13537000.0,13537000.0,1354.0,,,,,,,,,,,160716.0,,,284116.0,,,-0.003,,,,,36342.0,,,-36342.0,-36342.0,-36342.0,,,,,,,-17230.0,,,-53572.0,,,,,222912.0,284116.0,222912.0,,,,,,36342.0,,-36342.0,,,765316.0,,,,,0.0001,10000000.0,0.0,0.0,,,,,,,,,,,,,,,-765316.0,,,,,,,61204.0,,,,,,,,,13537000.0,
2020-10-31,2020-12-03,10-Q,"TRENDMAKER, INC. LIMITED",TMIN,CIK0001613685,USD,228017.0,,214842.0,,13175.0,,825166.0,,,,276687.0,276687.0,,,0.0001,100000000.0,13537000.0,13537000.0,1354.0,,,,,,,,,,,,,,276687.0,,,-0.0009,,,,,12534.0,,,,-12534.0,-12534.0,,,,,,,5105.0,,,-7429.0,,,,,228017.0,276687.0,228017.0,,,,,,,,-12534.0,,,,,,,,0.0001,10000000.0,,,,,,,,,,,,,,,,,-777850.0,,,,,,,48670.0,,,,,,,,,13537000.0,
2021-01-31,2021-03-12,10-Q,"TRENDMAKER, INC. LIMITED",TMIN,CIK0001613685,USD,222732.0,,214842.0,,7890.0,,825166.0,,,,264096.0,264096.0,,,0.0001,100000000.0,13537000.0,13537000.0,1354.0,,,,,,,,,,,,,,264096.0,,,-0.0005,,,,,7306.0,,,,,-7306.0,,,,,,,,,,,,,,,222732.0,264096.0,222732.0,,,,,,,,-7306.0,,,,,,,,0.0001,10000000.0,,,,,,,,,,,,,,,,,-785156.0,,,,,,,,,,,,,,,,13537000.0,
2021-04-30,2021-06-08,10-Q,"TRENDMAKER, INC. LIMITED",TMIN,CIK0001613685,USD,220442.0,,214842.0,,5600.0,,825166.0,,,,255806.0,255806.0,,,0.0001,100000000.0,13537000.0,13537000.0,1354.0,,,,,,,,,,,,,,255806.0,,,-0.0005,,,,,6000.0,,,,,-6000.0,,,,,,,,,,,,,,,220442.0,255806.0,220442.0,,,,,,,,-6000.0,,,,,,,,0.0001,10000000.0,,,,,,,,,,,,,,,,,-791156.0,,,,,,,35364.0,,,,,,,,,13537000.0,
2021-07-31,2021-10-21,10-K,"TRENDMAKER, INC. LIMITED",TMIN,CIK0001613685,USD,225742.0,214842.0,214842.0,,10900.0,,825166.0,,,,248656.0,248656.0,0.0,,0.0001,100000000.0,13537000.0,13537000.0,1354.0,,,,,,,,,,,168757.0,,,248656.0,,,-0.003,,,,,38290.0,,,-38290.0,-38290.0,,,,,,,,2830.0,,,-35460.0,,,,,225742.0,248656.0,225742.0,,,,,,38290.0,,-38290.0,,,803606.0,,,,,0.0001,10000000.0,0.0,0.0,,,,,,,,,,,,,,,-803606.0,,,,,,,22914.0,,,,,,,,,13537000.0,
2021-10-31,2021-12-13,10-Q,"TRENDMAKER, INC. LIMITED",TMIN,CIK0001613685,USD,220142.0,,214842.0,,5300.0,,825166.0,,,,234204.0,234204.0,0.0,,0.0001,100000000.0,13537000.0,13537000.0,1354.0,,,,,,,,,,,,,,234204.0,0.0,,-0.0007,,,,,8852.0,,,,-8852.0,,,,,,,,-5600.0,,,-14452.0,,,,,220142.0,234204.0,220142.0,,,,,,,,-8852.0,,,,,,,,0.0001,10000000.0,0.0,0.0,,,,,,,,,,,,,,,-812458.0,,,,,,,14062.0,,,,,,,,,13537000.0,
