end,filed,form,Name,Ticker,CIK,Currency,AccountsPayableAndAccruedLiabilitiesCurrent,AccountsReceivableGross,AccountsReceivableNet,AccountsReceivableNetCurrent,AccruedIncomeTaxes,AccruedIncomeTaxesCurrent,AccumulatedDepreciationDepletionAndAmortizationPropertyPlantAndEquipment,AdditionalPaidInCapital,AdjustmentsToAdditionalPaidInCapitalDividendsInExcessOfRetainedEarnings,AdjustmentsToAdditionalPaidInCapitalOther,AdjustmentsToAdditionalPaidInCapitalWarrantIssued,AdvertisingExpense,AllowanceForDoubtfulAccountsReceivable,AmortizationOfFinancingCosts,AmortizationOfIntangibleAssets,AssetImpairmentCharges,Assets,AssetsCurrent,AssetsNoncurrent,BankOverdrafts,Cash,CashAcquiredFromAcquisition,CashAndCashEquivalentsAtCarryingValue,CashAndCashEquivalentsPeriodIncreaseDecrease,CashProvidedByUsedInInvestingActivitiesDiscontinuedOperations,CashProvidedByUsedInOperatingActivitiesDiscontinuedOperations,CommonStockParOrStatedValuePerShare,CommonStockSharesAuthorized,CommonStockSharesIssued,CommonStockSharesOutstanding,CommonStockValue,ConvertibleDebt,ConvertibleDebtNoncurrent,ConvertibleLongTermNotesPayable,ConvertibleNotesPayable,CostOfRevenue,CurrentIncomeTaxExpenseBenefit,DebtInstrumentConvertibleConversionPrice1,DebtInstrumentConvertibleEffectiveInterestRate,DebtInstrumentConvertibleNumberOfEquityInstruments,DebtInstrumentDecreaseForgiveness,DebtInstrumentDecreaseRepayments,DebtInstrumentIncreaseAdditionalBorrowings,DebtInstrumentInterestRateStatedPercentage,DebtInstrumentUnamortizedDiscount,DebtIssuanceCostsIncurredDuringNoncashOrPartialNoncashTransaction,DeferredIncomeTaxExpenseBenefit,DeferredIncomeTaxLiabilities,DeferredRentCredit,DeferredRentCreditCurrent,DeferredTaxAssetsCharitableContributionCarryforwards,DeferredTaxAssetsGross,DeferredTaxAssetsGrossCurrent,DeferredTaxAssetsGrossNoncurrent,DeferredTaxAssetsLiabilitiesNet,DeferredTaxAssetsLiabilitiesNetCurrent,DeferredTaxAssetsLiabilitiesNetNoncurrent,DeferredTaxAssetsNet,DeferredTaxAssetsNetCurrent,DeferredTaxAssetsNetNoncurrent,DeferredTaxAssetsOperatingLossCarryforwards,DeferredTaxAssetsTaxDeferredExpenseOther,DeferredTaxLiabilities,DeferredTaxLiabilitiesCurrent,DeferredTaxLiabilitiesGrossCurrent,DeferredTaxLiabilitiesPropertyPlantAndEquipment,DepositsAssetsNoncurrent,Depreciation,DepreciationDepletionAndAmortization,DerivativeLiabilitiesCurrent,DerivativeLiabilityFairValueNet1,DiscontinuedOperationGainLossOnDisposalOfDiscontinuedOperationNetOfTax,DiscontinuedOperationIncomeLossFromDiscontinuedOperationBeforeIncomeTax,DueToRelatedPartiesCurrent,EarningsPerShareBasicAndDiluted,EffectiveIncomeTaxRateReconciliationNondeductibleExpenseMealsAndEntertainment,FiniteLivedIntangibleAssetsAmortizationExpenseNextTwelveMonths,FiniteLivedIntangibleAssetsAmortizationExpenseRemainderOfFiscalYear,FiniteLivedIntangibleAssetsAmortizationExpenseYearTwo,FiniteLivedIntangibleAssetsNet,GainLossOnDerivativeInstrumentsNetPretax,GainLossOnSaleOfOtherAssets,GainsLossesOnExtinguishmentOfDebt,Goodwill,GrossProfit,IncomeLossFromContinuingOperationsBeforeIncomeTaxesMinorityInterestAndIncomeLossFromEquityMethodInvestments,IncomeLossFromContinuingOperationsIncludingPortionAttributableToNoncontrollingInterest,IncomeLossFromContinuingOperationsPerBasicAndDilutedShare,IncomeLossFromDiscontinuedOperationsNetOfTax,IncomeLossFromDiscontinuedOperationsNetOfTaxPerBasicAndDilutedShare,IncomeLossIncludingPortionAttributableToNoncontrollingInterest,IncomeTaxExpenseBenefit,IncomeTaxesPaid,IncomeTaxesReceivable,IncreaseDecreaseInAccountsPayableAndAccruedLiabilities,IncreaseDecreaseInAccountsReceivable,IncreaseDecreaseInAccruedIncomeTaxesPayable,IncreaseDecreaseInDeferredIncomeTaxes,IncreaseDecreaseInDepositOtherAssets,IncreaseDecreaseInDeposits,IncreaseDecreaseInIncomeTaxes,IncreaseDecreaseInIncomeTaxesReceivable,IncreaseDecreaseInInventories,IncreaseDecreaseInOtherAccruedLiabilities,IncreaseDecreaseInOtherDeferredLiability,IncreaseDecreaseInPrepaidExpense,IncrementalCommonSharesAttributableToCallOptionsAndWarrants,IncrementalCommonSharesAttributableToConversionOfDebtSecurities,IntangibleAssetsNetExcludingGoodwill,InterestExpenseDebt,InterestExpenseRelatedParty,InterestPaid,InterestPayableCurrentAndNoncurrent,InventoryNet,Liabilities,LiabilitiesAndStockholdersEquity,LiabilitiesCurrent,LiabilitiesNoncurrent,LongTermDebt,LongTermDebtCurrent,LongTermDebtNoncurrent,NetCashProvidedByUsedInFinancingActivities,NetCashProvidedByUsedInInvestingActivities,NetCashProvidedByUsedInOperatingActivities,NetIncomeLoss,NonoperatingIncomeExpense,NotesPayableCurrent,NotesPayableRelatedPartiesClassifiedCurrent,OperatingIncomeLoss,OperatingLeasesFutureMinimumPaymentsDue,OperatingLeasesFutureMinimumPaymentsDueCurrent,OperatingLeasesFutureMinimumPaymentsDueInFiveYears,OperatingLeasesFutureMinimumPaymentsDueInFourYears,OperatingLeasesFutureMinimumPaymentsDueInThreeYears,OperatingLeasesFutureMinimumPaymentsDueInTwoYears,OperatingLeasesFutureMinimumPaymentsDueThereafter,OperatingLeasesRentExpenseNet,PaymentsOfCapitalDistribution,PaymentsOfDebtIssuanceCosts,PaymentsToAcquireBusinessesAndInterestInAffiliates,PaymentsToAcquirePropertyPlantAndEquipment,PrepaidExpenseCurrent,ProceedsFromContributionsFromAffiliates,ProceedsFromIssuanceOfDebt,ProceedsFromNotesPayable,ProceedsFromRelatedPartyDebt,ProceedsFromRepaymentsOfBankOverdrafts,ProceedsFromRepaymentsOfDebt,ProceedsFromSaleOfMachineryAndEquipment,ProfitLoss,PropertyPlantAndEquipmentGross,PropertyPlantAndEquipmentNet,ProvisionForDoubtfulAccounts,RepaymentsOfNotesPayable,RepaymentsOfRelatedPartyDebt,RepaymentsOfSecuredDebt,RepaymentsOfUnsecuredDebt,RetainedEarningsAccumulatedDeficit,Revenues,SecuredDebt,SellingGeneralAndAdministrativeExpense,ShareBasedCompensation,SharesOutstanding,StockholdersEquity,StockholdersEquityIncludingPortionAttributableToNoncontrollingInterest,StockIssuedDuringPeriodSharesAcquisitions,StockIssuedDuringPeriodSharesConversionOfConvertibleSecurities,StockIssuedDuringPeriodSharesIssuedForServices,StockIssuedDuringPeriodSharesOther,StockIssuedDuringPeriodSharesShareBasedCompensationGross,StockIssuedDuringPeriodValueAcquisitions,StockIssuedDuringPeriodValueConversionOfConvertibleSecurities,StockIssuedDuringPeriodValueIssuedForServices,StockIssuedDuringPeriodValueNewIssues,StockIssuedDuringPeriodValueOther,StockIssuedDuringPeriodValueShareBasedCompensationGross,TreasuryStockShares,UnamortizedDebtIssuanceExpense,UnsecuredDebt,WeightedAverageNumberDilutedSharesOutstandingAdjustment,WeightedAverageNumberOfShareOutstandingBasicAndDiluted,WeightedAverageNumberOfSharesOutstandingBasic
2010-12-31,2011-04-15,10-K,PROGRESSIVE CARE INC.,RXMD,CIK0001402945,USD,137163.0,,,406587.0,20203.0,7017.0,,-1320279.0,-1343850.0,200.0,,,,,,,1122057.0,885936.0,158988.0,0.0,204336.0,,204336.0,184317.0,,,0.0001,100000000.0,33562000.0,33562000.0,3356.0,,,0.0,,2923265.0,7017.0,,,,,,,,,,-161533.0,,,0.0,,,2545.0,158988.0,,,,18473.0,,,,,,,,,0.0,61789.0,,,,,,18866.0,0.06,,,,,,,,122886.0,1348402.0,2961590.0,1712250.0,,,,,,-154516.0,,0.0,-54003.0,234015.0,7017.0,,,,,,-3512.0,18866.0,,,,,1817868.0,85249.0,,51077.0,,272468.0,803442.0,1122057.0,803442.0,0.0,,,,-950350.0,-250846.0,1385513.0,1866766.0,37637.0,567067.0,73329.0,1674613.0,,,,,,,,,1343850.0,,151453.0,99499.0,0.0,200.0,,507800.0,,,,,,,77133.0,,103500.0,11000.0,,,1635538.0,5884855.0,,1286977.0,,0.0,318615.0,315418.0,,,,,,,,,,,,,0.0,,,,30692882.0
2011-03-31,2011-05-23,10-Q,PROGRESSIVE CARE INC.,RXMD,CIK0001402945,USD,,,,,49067.0,,,,,,,,,0.0,59969.0,,,,,,,,295716.0,91380.0,,,,,,,,,,,,951201.0,31114.0,,,,,,,,,,12498.0,,,,,,,,,,,26100.0,,,,,,,,,,9562.0,,,,,,,0.0,,,,,,,,12585.0,,921418.0,28180.0,,,,,,43612.0,0.0,,108978.0,107567.0,31114.0,7627.0,35704.0,,28864.0,,-39425.0,-1446.0,0.0,4985.0,,,,11033.0,,2587.0,,,,,,,,,,-44980.0,-63043.0,199403.0,-15432.0,1552.0,,,26628.0,,,,,,,,,,,,63043.0,,,,,,0.0,0.0,,-54755.0,,,0.0,44980.0,,,,,1872619.0,,894790.0,175545.0,,,,,,,,,,,,,,,,,,,34022056.0,
2011-06-30,2011-08-22,10-Q,PROGRESSIVE CARE INC.,RXMD,CIK0001402945,USD,199361.0,,,635042.0,,,,6001334.0,,,,,,,,,4340246.0,1093532.0,3081371.0,,248605.0,,248605.0,,,,0.0001,100000000.0,37513549.0,37513549.0,3751.0,,,,,880752.0,-9429.0,,,,,,,,,,-7903.0,,,8733.0,,,,,,,,,,,,,,,,,35704.0,,,,,,,21775.0,0.0,,,,,,,,0.0,1348402.0,1016537.0,-64101.0,-101768.0,0.0,0.0,0.0,,-17332.0,,,,,,-26100.0,,,-49067.0,,,,,,,,1697265.0,1538.0,,,,204900.0,,4340246.0,390965.0,,,,,,,,-81433.0,-1538.0,87767.0,73329.0,-62563.0,,,,,,,,,,,,,4985.0,,,,,,,,-41134.0,,165343.0,,,,,,-2055804.0,1897289.0,,1079100.0,,,,3949281.0,,,,,,,,,,,,,,,,35491546.0,
2011-09-30,2011-11-14,10-Q,PROGRESSIVE CARE INC.,RXMD,CIK0001402945,USD,241858.0,,,800139.0,,,,6148701.0,,,,,,,,,4376641.0,1133783.0,3020070.0,,98556.0,,98556.0,,,,0.0001,100000000.0,37821730.0,36103730.0,3782.0,,,,,1085814.0,25795.0,,,,,,,,,,-29601.0,,,13100.0,,,,,,,,,,,,,,,,,35704.0,,,,,,,23253.0,0.0,,,,,,,-2671.0,0.0,1348402.0,852171.0,-98043.0,-159344.0,0.0,0.0,0.0,,-3806.0,,12610.0,,,,,,,,,,,,,,,1635964.0,1426.0,,,,222478.0,,4376641.0,439307.0,,,,,,,,-101849.0,-4097.0,87767.0,73329.0,-93946.0,,,,,,,,,,,,,,,,,,,,,-123464.0,,222788.0,,,,,,-2215149.0,1937985.0,,946117.0,,,1104286.0,1104286.0,,,,,,,,,,,,,,,,35879339.0,
2011-12-31,2012-04-16,10-K,PROGRESSIVE CARE INC.,RXMD,CIK0001402945,USD,248785.0,1057696.0,1006835.0,1006835.0,43344.0,43344.0,260837.0,-267831.0,,,4895.0,,50861.0,636.0,243205.0,,1877536.0,1366128.0,234613.0,71380.0,88874.0,0.0,88874.0,-115462.0,0.0,,0.0001,100000000.0,36348830.0,36348830.0,3635.0,,150000.0,150000.0,150000.0,4557188.0,-33260.0,,,,,,,,,,-43002.0,52000.0,17535.0,17535.0,8000.0,176000.0,-44000.0,167613.0,124000.0,167613.0,168000.0,101000.0,-55000.0,156000.0,156000.0,12000.0,43599.0,43599.0,43599.0,52000.0,44741.0,156728.0,,,,0.0,0.0,24732.0,-0.01,0.5,,,,,,-2671.0,,1348402.0,3680434.0,-167821.0,-466292.0,-0.01,0.0,0.0,-466292.0,76262.0,12610.0,,153796.0,640446.0,36327.0,,44741.0,-44741.0,,,-23790.0,5866.0,17535.0,21741.0,,,1574663.0,17197.0,-12585.0,5187.0,,248678.0,760471.0,1877536.0,610471.0,150000.0,311096.0,87767.0,150000.0,134080.0,-356390.0,106848.0,-254277.0,-7283.0,87767.0,73329.0,-160538.0,,,,,,,,,,18000.0,,356390.0,21741.0,,,150000.0,,71380.0,,,-269504.0,537632.0,276795.0,40198.0,69300.0,0.0,,,1381261.0,8237622.0,,3840972.0,83243.0,0.0,1117065.0,1098641.0,,439589.0,,0.0,0.0,,439589.0,83243.0,,525000.0,83243.0,,22259.0,161096.0,,,35393718.0
2012-03-31,2012-05-21,10-Q,PROGRESSIVE CARE INC.,RXMD,CIK0001402945,USD,510298.0,,,1169390.0,,12616.0,,-256384.0,,,,,,1957.0,60634.0,,1978610.0,1456084.0,224434.0,20754.0,19118.0,,19118.0,-69756.0,,,0.0001,100000000.0,36373634.0,36373634.0,3638.0,,,150000.0,,1845462.0,-30728.0,,,,,,,,,,-4234.0,,,24961.0,,,,,,,154736.0,,,,,,,26488.0,,,43746.0,43522.0,,,,,,26195.0,0.0,,,,,,,,0.0,1348402.0,582066.0,-175017.0,,,,,,-34962.0,0.0,,312802.0,200864.0,-30728.0,,-995.0,,,,-6369.0,1463.0,7426.0,3526.0,,,5650.0,7496.0,,1085.0,,242309.0,990150.0,1978610.0,840150.0,150000.0,,,,-44174.0,-70469.0,44887.0,-140055.0,-7496.0,130509.0,88329.0,-167521.0,,,,,,,,,,,,70469.0,25267.0,,,,,-50626.0,40000.0,,-235651.0,,298092.0,38310.0,33548.0,,,,1241206.0,2427528.0,,749587.0,6450.0,0.0,988460.0,3692603.0,,,,0.0,0.0,,,,,5000.0,6450.0,,20302.0,,,36358665.0,
2012-06-30,2012-08-20,10-Q,PROGRESSIVE CARE INC.,RXMD,CIK0001402945,USD,337823.0,1353439.0,1285757.0,1285757.0,,24567.0,335571.0,-42365.0,,,,,67682.0,,,,2349205.0,1706882.0,358515.0,,107976.0,,107976.0,,,,0.0001,100000000.0,36596617.0,36596617.0,3659.0,293986.0,,150000.0,150000.0,1744855.0,-11951.0,0.51,,,,,,0.06,244153.0,,19959.0,36000.0,32387.0,32387.0,13000.0,169356.0,,169356.0,148000.0,-21000.0,169000.0,,,,152000.0,19000.0,21149.0,21149.0,,42000.0,43746.0,,,228208.0,228208.0,,,,0.0,,57769.0,80724.0,6920.0,145413.0,15945.0,,69298.0,,797623.0,-53463.0,,,,,,8008.0,,,,,,,,,,,,,,,,,,78898.0,,,27661.0,299754.0,1192158.0,2349205.0,1042158.0,150000.0,548024.0,,,,,,-45455.0,6345.0,398024.0,,-59808.0,1766000.0,108000.0,230000.0,222000.0,216000.0,227000.0,763000.0,,,,,,13395.0,,,,,,,,-53463.0,619379.0,283808.0,,,,,,1195753.0,2542478.0,29920.0,857431.0,,,1157047.0,990751.0,,,,,,,,,,,,,145413.0,74118.0,,36514906.0,
2012-09-30,2012-11-21,10-Q,PROGRESSIVE CARE INC.,RXMD,CIK0001402945,USD,515642.0,1362880.0,1295198.0,1295198.0,-4819.0,,331465.0,-29546.0,,,,,67682.0,,,,2286725.0,1647086.0,368985.0,,3572.0,,3572.0,,,,0.0001,100000000.0,24413602.0,24413602.0,2441.0,358190.0,,150000.0,150000.0,1749911.0,26482.0,,,,,,,0.12,244153.0,,55115.0,21000.0,39812.0,39812.0,17000.0,224000.0,-13000.0,,203000.0,216322.0,216000.0,101000.0,-55000.0,156000.0,188000.0,19000.0,,13000.0,,29000.0,47612.0,,,,187974.0,,,,-0.01,,57769.0,40362.0,6920.0,105051.0,40234.0,,,,782346.0,-404130.0,,,,,,81597.0,,4819.0,,,,,,,,,,,,,,,,127181.0,,,27661.0,319951.0,1440610.0,2286725.0,1290610.0,150000.0,684182.0,449182.0,150000.0,,,,-322533.0,-86947.0,449182.0,85000.0,-317183.0,1755000.0,55000.0,230000.0,222000.0,234000.0,251000.0,763000.0,,,,,,23546.0,,,,,,,,-364431.0,602119.0,270654.0,,,,,,873220.0,2532257.0,36327.0,1099529.0,,,846115.0,742823.0,,,,,,,,,,,,,105051.0,139665.0,,29573281.0,
