end,filed,form,Name,Ticker,CIK,Currency,AccountsPayableOtherCurrent,AccruedLiabilitiesCurrent,AccruedProfessionalFeesCurrent,AccumulatedOtherComprehensiveIncomeLossForeignCurrencyTranslationAdjustmentNetOfTax,Assets,AssetsCurrent,Cash,Cash,CashAndCashEquivalentsAtCarryingValue,CashAndCashEquivalentsPeriodIncreaseDecrease,CashCashEquivalentsRestrictedCashAndRestrictedCashEquivalents,CashCashEquivalentsRestrictedCashAndRestrictedCashEquivalentsPeriodIncreaseDecreaseIncludingExchangeRateEffect,CommonStockDividendsPerShareCashPaid,CommonStockSharesAuthorized,CommonStockSharesIssued,CommonStockSharesOutstanding,CommonStockValue,ComprehensiveIncomeNetOfTax,DeferredFederalIncomeTaxExpenseBenefit,DistributionMadeToLimitedPartnerCashDistributionsPaid,DueFromBanks,DueToRelatedPartiesCurrent,EarningsPerShareBasicAndDiluted,EffectOfExchangeRateOnCash,EffectOfExchangeRateOnCashAndCashEquivalents,EffectOfExchangeRateOnCashCashEquivalentsRestrictedCashAndRestrictedCashEquivalents,ForeignCurrencyTransactionGainLossUnrealized,IncomeTaxExpenseBenefit,IncreaseDecreaseInAccruedInterestReceivableNet,IncreaseDecreaseInAccruedInvestmentIncomeReceivable,IncreaseDecreaseInDueToRelatedPartiesCurrent,IncreaseDecreaseInInterestPayableNet,IncreaseDecreaseInOtherAccruedLiabilities,InterestBearingDepositsInBanks,InterestBearingDepositsInBanks,InterestExpense,InterestPaid,InterestPaidNet,InterestPayableCurrent,InvestmentIncomeInterest,InvestmentInterestRate,Liabilities,LiabilitiesAndStockholdersEquity,LiabilitiesCurrent,NetCashProvidedByUsedInFinancingActivities,NetCashProvidedByUsedInFinancingActivitiesContinuingOperations,NetCashProvidedByUsedInOperatingActivities,NetCashProvidedByUsedInOperatingActivitiesContinuingOperations,NetIncomeLoss,OperatingExpenses,OtherAccruedLiabilitiesCurrent,OtherComprehensiveIncomeForeignCurrencyTransactionAndTranslationAdjustmentBeforeTaxPortionAttributableToParent,OtherComprehensiveIncomeLossForeignCurrencyTransactionAndTranslationAdjustmentNetOfTax,PaymentsForOperatingActivities,PaymentsForOperatingActivities,PaymentsForRepurchaseOfEquity,PaymentsForRepurchaseOfRedeemablePreferredStock,PaymentsForRepurchaseOfRedeemablePreferredStock,ProceedsFromIssuanceOfRedeemablePreferredStock,ProceedsFromIssuanceOfRedeemablePreferredStock,ProceedsFromOperatingActivities,ReclassificationsOfTemporaryToPermanentEquity,RedeemableNoncontrollingInterestEquityCarryingAmount,RetainedEarningsAccumulatedDeficit,Revenues,SponsorFees,StockIssuedDuringPeriodSharesIssuedForCash,StockIssuedDuringPeriodValueIssuedForCash,StockRedeemedOrCalledDuringPeriodShares,StockRedeemedOrCalledDuringPeriodValue,TemporaryEquityCarryingAmount,TemporaryEquityCarryingAmountAttributableToParent,TemporaryEquityForeignCurrencyTranslationAdjustments,TemporaryEquityIssuePeriodIncreaseOrDecrease,TemporaryEquityParOrStatedValuePerShare,TemporaryEquityRedemptionValue,TemporaryEquitySharesAuthorized,TemporaryEquitySharesIssued,TemporaryEquitySharesOutstanding,TemporaryEquityStockIssuedDuringPeriodValueNewIssues,WeightedAverageNumberOfShareOutstandingBasicAndDiluted,WeightedAverageRateForeignDeposit
2008-10-31,2008-12-30,10-K,Invesco CurrencyShares Swiss Franc Trust,FXF,CIK0001353615,USD,,,,,,,,,467002827.0,,,,,,,,,,,,,,,,,,,,,,,,,,,,,,,,,,,,,,,,,,,,,,,,,,,,,,,,,,,,,,,,,,,,,,,,,
2009-10-31,2010-01-14,10-K,Invesco CurrencyShares Swiss Franc Trust,FXF,CIK0001353615,USD,,,,,,,,,369716518.0,-97286309.0,,,0.11,,,3800000.0,369593706.0,-1398164.0,,,,,-0.34,,52137122.0,,17863.0,,,-779989.0,,,122812.0,,,,,,,76947.0,,,,,-148666622.0,,-756809.0,,-1383744.0,1460691.0,,-14420.0,,,1536798.0,179603725.0,,,,,,,,,76947.0,1460691.0,,,,,,,,,,,,,,,,
2010-07-31,2010-09-09,10-Q,Invesco CurrencyShares Swiss Franc Trust,FXF,CIK0001353615,USD,,,,,,,,,332375930.0,,,,,,,,,-326731.0,,,,,-0.09,,,,,,,,,,,,,,,,,,,,,,,,,,-309920.0,309920.0,,-16811.0,,,,,,,,,,,,,,309920.0,,,,,,,,,,,,,,,,
2010-10-31,2011-01-14,10-K,Invesco CurrencyShares Swiss Franc Trust,FXF,CIK0001353615,USD,,,,,,353230869.0,,,353230869.0,-16485649.0,,,,,,3500000.0,353104641.0,-1344109.0,,,,,-0.38,,13295922.0,,1807.0,,,,,,126228.0,347402559.0,353230869.0,,,,,,,,353230869.0,126228.0,-28451444.0,,-1330127.0,,-1331736.0,1331736.0,126228.0,-12373.0,,,1330127.0,137209734.0,,,,,,,,,,1331736.0,1150000.0,108758290.0,1450000.0,137209734.0,353104641.0,,,,,,17500000.0,3500000.0,3500000.0,,3506986.0,
2011-01-31,2011-03-11,10-Q,Invesco CurrencyShares Swiss Franc Trust,FXF,CIK0001353615,USD,,,,,,,,,406266836.0,53035967.0,,,,,,,,-377638.0,,,,,-0.1,,17607410.0,,5995.0,,,,,,135512.0,,,,,,,,,,,,35791299.0,,-362742.0,,-366031.0,366031.0,,-11607.0,,,362742.0,20462294.0,,,,,,,,,,366031.0,,,,,,,,,,,,,,,3550543.0,
2011-04-30,2011-06-09,10-Q,Invesco CurrencyShares Swiss Franc Trust,FXF,CIK0001353615,USD,,,,,,,,,650141911.0,,,,,,,,,-502947.0,,,,,-0.1,,,,,,,,,,,,,,,,,,,,,,,,,,-473772.0,473772.0,,-29175.0,,,,,,,,,,,,,,473772.0,,,,,,,,,,,,,,,4551124.0,
2011-07-31,2011-09-09,10-Q,Invesco CurrencyShares Swiss Franc Trust,FXF,CIK0001353615,USD,,,,,,1198952843.0,,,1136198471.0,,,,,,,,,-886826.0,,,,,-0.12,,,,,,,,,,,,1136198471.0,,,,,,,,1198952843.0,344332.0,,,,,-826921.0,826921.0,344332.0,-59905.0,,,,,,,,,,,,,,826921.0,,,,,1198608511.0,,,,,,22500000.0,9550000.0,9550000.0,,7057609.0,
2011-10-31,2012-01-13,10-K,Invesco CurrencyShares Swiss Franc Trust,FXF,CIK0001353615,USD,,,,,,567642010.0,,,567642010.0,214411141.0,,,,,,4550000.0,516375375.0,-3394779.0,,,,,-0.5700000000000001,,50481172.0,,29702.0,,,,,,196543.0,449830826.0,516571918.0,,,,,,,,567642010.0,51266635.0,166331646.0,,-2401677.0,,-3336664.0,3336664.0,196543.0,-58115.0,-79401.0,,2401677.0,700817673.0,,700817673.0,,867149319.0,,,,,,3336664.0,7850000.0,867149319.0,6800000.0,750445049.0,516375375.0,516375375.0,,,,51070092.0,29500000.0,4550000.0,4550000.0,,12575845.0,
2012-01-31,2012-03-12,10-Q,Invesco CurrencyShares Swiss Franc Trust,FXF,CIK0001353615,USD,,,,,,402740746.0,,,402740746.0,-164901264.0,,,,,,3150000.0,332968198.0,-464410.0,,,,,-0.11,,-31181828.0,,-10745.0,,,,,,145929.0,,402740746.0,,,,,,,,402740746.0,145929.0,-133218806.0,,-500630.0,,-460761.0,460761.0,145929.0,-3649.0,-3649.0,,500630.0,143875317.0,,,,,,,,,,460761.0,,,,,402594817.0,,,,,,29500000.0,3750000.0,3750000.0,,4281552.0,
2012-04-30,2012-06-11,10-Q,Invesco CurrencyShares Swiss Franc Trust,FXF,CIK0001353615,USD,,,,,,391323416.0,,,391323416.0,,,,,,,,,-402919.0,,,,,-0.11,,,,,,,,,,,,391323416.0,,,,,,,,391323416.0,10995392.0,,,,,-400568.0,400568.0,128758.0,-2351.0,-2351.0,,,,,,,,,,,,,400568.0,,,,,,380328024.0,,,,10866634.0,29500000.0,3500000.0,3500000.0,,3762778.0,
2012-07-31,2012-09-10,10-Q,Invesco CurrencyShares Swiss Franc Trust,FXF,CIK0001353615,USD,,,,,,328398165.0,,,328398165.0,,,,,,,3250000.0,328284494.0,-342233.0,,,,,-0.1,,,,,,,,,,,320335990.0,328398165.0,,,,,,,,328398165.0,113671.0,,,,,-348518.0,348518.0,113671.0,6285.0,6285.0,,,,,,,,,,,,,348518.0,,,,,,328284494.0,,,,,29500000.0,3250000.0,4550000.0,,3363043.0,0.0
2012-10-31,2013-01-14,10-K,Invesco CurrencyShares Swiss Franc Trust,FXF,CIK0001353615,USD,,139.0,,,,333082495.0,,,333082495.0,-234559515.0,,,0.0,29500000.0,3150000.0,3150000.0,332968198.0,-1897330.0,,,,,-0.52,,-37889912.0,,15850.0,,,,,139.0,114158.0,310166419.0,333082495.0,272.0,,,,0.0,,,333082495.0,114297.0,-195055165.0,,-1614438.0,,-1886237.0,1886237.0,114158.0,-11093.0,-11093.0,,1614438.0,242487969.0,,242487969.0,,47432804.0,,,,,0.0,1885965.0,450000.0,47432804.0,1850000.0,194989127.0,,332968198.0,,,,,29500000.0,3150000.0,3150000.0,,6889315.0,0.0
2013-01-31,2013-03-08,10-Q,Invesco CurrencyShares Swiss Franc Trust,FXF,CIK0001353615,USD,,,,,,307905579.0,,,307905579.0,-25176915.0,,,0.0,,,2850000.0,307795430.0,-337756.0,,,,,-0.11,,6943582.0,,-2469.0,,139.0,,,,110149.0,280348030.0,307905579.0,32.0,,,,0.0,,,307905579.0,110149.0,-31782611.0,,-337886.0,,-331269.0,331269.0,110149.0,-6487.0,-6487.0,,337886.0,31782611.0,,31782611.0,,,,,,,0.0,331237.0,,,300000.0,31782611.0,,307795430.0,,,,,29500000.0,2850000.0,2850000.0,,3096739.0,0.0
2013-04-30,2013-06-07,10-Q,Invesco CurrencyShares Swiss Franc Trust,FXF,CIK0001353615,USD,,,,,,290913690.0,,,290913690.0,,,,0.0,29500000.0,2750000.0,2750000.0,290813137.0,-305236.0,,,,,-0.1,,,,,,,,,,,270244273.0,290913690.0,,,,,0.0,,,290913690.0,100553.0,,,,,-303414.0,303414.0,100553.0,,-1822.0,,,,,,,,,,,,0.0,303414.0,,,,,,,,,,,,,,,2956742.0,0.0
2013-07-31,2013-09-06,10-Q,Invesco CurrencyShares Swiss Franc Trust,FXF,CIK0001353615,USD,,,,,,274707021.0,,,274707021.0,,,,0.0,29500000.0,2600000.0,2600000.0,274614405.0,-284544.0,,,,,-0.1,,,,,,,,,,,255244028.0,274707021.0,,,,,0.0,,,274707021.0,92616.0,,,,,-279517.0,279517.0,92616.0,,-5027.0,,,,,,,,,,,,0.0,279517.0,,,,,,,,,,,,,,,2667935.0,0.0
2013-10-31,2014-01-14,10-K,Invesco CurrencyShares Swiss Franc Trust,FXF,CIK0001353615,USD,,,,0.0,,281580951.0,,,281580951.0,-51501544.0,,,0.0,29500000.0,2600000.0,2600000.0,281487323.0,-1484986.0,,,,,-0.53,,7739635.0,,-2574.0,,,,,,,254985630.0,281580951.0,32.0,,,,0.0,,,281580951.0,93628.0,-58028558.0,-58028558.0,-1212621.0,-1212621.0,-1464556.0,1464556.0,93628.0,,-20430.0,,1212621.0,,,110751399.0,,52722841.0,,,281487323.0,0.0,0.0,1464524.0,500000.0,52722841.0,1050000.0,110751399.0,,,,,,,,,2600000.0,,5369434.0,0.0
2014-01-31,2014-03-12,10-Q,Invesco CurrencyShares Swiss Franc Trust,FXF,CIK0001353615,USD,,,,,,259632969.0,,,259632969.0,-21947982.0,,,0.0,29500000.0,2400000.0,2400000.0,259543949.0,-274502.0,0.0,,,,-0.11,,25927.0,,-2.0,,,,,,,235136599.0,259632969.0,,,,,0.0,,,259632969.0,89020.0,-21694083.0,,-279826.0,,-275216.0,275216.0,89020.0,,714.0,,279826.0,,,21694083.0,,,,,,,0.0,275216.0,,,200000.0,21694083.0,,,,,,,,,,,2514130.0,0.0
2014-04-30,2014-06-09,10-Q,Invesco CurrencyShares Swiss Franc Trust,FXF,CIK0001353615,USD,,,,,,261241649.0,,,261241649.0,,,,0.0,29500000.0,2350000.0,2350000.0,261155775.0,-254417.0,,,,,-0.11,,,,,,,,,,,230010210.0,261241649.0,,,,,0.0,,,261241649.0,85874.0,,,,,-252909.0,252909.0,85874.0,,-1508.0,,,,,,,,,,,,0.0,252909.0,,,,,,,,,,,,,,,2345506.0,0.0
2014-07-31,2014-09-08,10-Q,Invesco CurrencyShares Swiss Franc Trust,FXF,CIK0001353615,USD,,,,,,236571893.0,,,236571893.0,,,,0.0,29500000.0,2200000.0,2200000.0,236490712.0,-247693.0,,,,,-0.11,,,,,,,,,,,215114823.0,236571893.0,,,,,0.0,,,236571893.0,81181.0,,,,,-251933.0,251933.0,81181.0,,4240.0,,,,,,,,,,,,0.0,251933.0,,,,,,,,,,,,,,,2281522.0,0.0
2014-10-31,2015-01-14,10-K,Invesco CurrencyShares Swiss Franc Trust,FXF,CIK0001353615,USD,,,68948.0,0.0,,202983199.0,195361180.0,202983199.0,202983199.0,-78597752.0,,,0.0,29500000.0,2000000.0,2000000.0,202914251.0,-1197894.0,0.0,,,,-0.54,,-12656089.0,,5600.0,,,,68948.0,,,195361180.0,202983199.0,,,,,0.0,,,202983199.0,68948.0,-64925305.0,-64925305.0,-1016358.0,-1016358.0,-1214498.0,1214498.0,68948.0,,16604.0,918989.0,1016358.0,,63599295.0,70337641.0,4893834.0,5412336.0,,,202914251.0,0.0,0.0,1214498.0,50000.0,5412336.0,650000.0,70337641.0,,,-13647767.0,,,,,,2000000.0,5412336.0,4354882.0,0.0
2015-01-31,2015-03-12,10-Q,Invesco CurrencyShares Swiss Franc Trust,FXF,CIK0001353615,USD,10602926.0,,,0.0,,185610990.0,,,185610990.0,-17372209.0,,,0.0,29500000.0,1650000.0,1650000.0,174942520.0,-205537.0,0.0,,,,-0.1,,8226156.0,,-2899.0,,,,65544.0,,,161016170.0,185610990.0,,,,,0.0,,,185610990.0,10668470.0,-25395202.0,-25395202.0,-203163.0,-203163.0,-196860.0,196860.0,65544.0,,-8677.0,,203163.0,,,25395202.0,,,,,,0.0,0.0,196860.0,,,350000.0,35550543.0,,,,,,,,,,,1916304.0,0.0
2015-04-30,2015-06-09,10-Q,Invesco CurrencyShares Swiss Franc Trust,FXF,CIK0001353615,USD,,110487.0,,0.0,,176773452.0,,,176773452.0,,,,0.0,29500000.0,1700000.0,1700000.0,176604874.0,-390194.0,,,,,-0.23,,,,,,,,,,,165619048.0,176773452.0,216160.0,,,,0.0,,,176773452.0,168578.0,,,,,-381321.0,381321.0,58091.0,,-8873.0,,,,,,,,,,,0.0,0.0,165161.0,,,,,,,,,,,,,,,1668539.0,0.0075
2015-07-31,2015-09-09,10-Q,Invesco CurrencyShares Swiss Franc Trust,FXF,CIK0001353615,USD,,106231.0,,0.0,,166763362.0,,,166763362.0,,,,0.0,29500000.0,1650000.0,1650000.0,166601222.0,-498677.0,,,,,-0.31,,,,,,,,,,,160276267.0,166763362.0,336133.0,,,,0.0,,,166763362.0,162140.0,,,,,-510251.0,510251.0,55909.0,,11574.0,,,,,,,,,,,0.0,0.0,174118.0,,,,,,,,,,,,,,,1669565.0,
2015-10-31,2016-01-14,10-K,Invesco CurrencyShares Swiss Franc Trust,FXF,CIK0001353615,USD,,,61724.0,0.0,,181772227.0,179181973.0,181772227.0,181772227.0,-21210972.0,181772227.0,,0.0,29500000.0,1850000.0,1850000.0,181593105.0,-2094212.0,0.0,,0.0,61724.0,-1.2,,-4306565.0,,6419.0,,,,61724.0,117398.0,,179181973.0,181772227.0,1217775.0,,,117398.0,0.0,,,181772227.0,179122.0,,-15424392.0,,-1480015.0,-2104784.0,2104784.0,,,10572.0,1416522.0,1480015.0,,58464164.0,61084698.0,43701479.0,45660306.0,0.0,,181593105.0,0.0,0.0,887009.0,,,600000.0,61084698.0,,,-5896754.0,,,,29500000.0,1850000.0,1850000.0,45660306.0,3497698.0,
2016-01-31,2016-03-11,10-Q,Invesco CurrencyShares Swiss Franc Trust,FXF,CIK0001353615,USD,,,,0.0,,169648245.0,173830074.0,169648245.0,169648245.0,-12123982.0,,,0.0,,,,,-505647.0,,,0.0,57450.0,-0.28,,-6793406.0,,6699.0,0.0,,,57450.0,109975.0,,,169648245.0,338718.0,,,109975.0,0.0,,,169648245.0,167425.0,,-4809531.0,,-521045.0,-516047.0,516047.0,,,10400.0,523130.0,521045.0,,4828769.0,4809531.0,0.0,,0.0,,169480820.0,0.0,0.0,177329.0,,,,,,,-7302754.0,,,,29500000.0,1800000.0,1800000.0,,1832065.0,
2016-04-30,2016-06-09,10-Q,Invesco CurrencyShares Swiss Franc Trust,FXF,CIK0001353615,USD,,,,0.0,,165761741.0,158882629.0,165761741.0,165761741.0,,,,0.0,,,,,-488130.0,,,0.0,54324.0,-0.28,,,,,,,,,,,,165761741.0,314041.0,,,103611.0,0.0,,,165761741.0,157935.0,,,,,-478055.0,478055.0,,,-10075.0,,,,,,,,,,165603806.0,0.0,0.0,164014.0,,,,,,,,,,,29500000.0,1650000.0,1650000.0,,1692222.0,
2016-07-31,2016-09-09,10-Q,Invesco CurrencyShares Swiss Franc Trust,FXF,CIK0001353615,USD,,,,0.0,,163923528.0,158423894.0,163923528.0,163923528.0,,,,0.0,,,,,-479416.0,,,0.0,55512.0,-0.29,,,,,,,,,,,,163923528.0,311308.0,,,105880.0,0.0,,,163923528.0,161392.0,,,,,-474531.0,474531.0,,,-4885.0,,,,,,,,,,163762136.0,0.0,0.0,163223.0,,,,,,,,,,,29500000.0,1650000.0,1650000.0,,1650000.0,
2016-10-31,2017-01-12,10-K,Invesco CurrencyShares Swiss Franc Trust,FXF,CIK0001353615,USD,,,,0.0,,154893571.0,153174252.0,154893571.0,154893571.0,-26878656.0,154893571.0,-26878656.0,0.0,,,,,-2391601.0,,,0.0,52453.0,-1.43,-342.0,-453417.0,-453417.0,-342.0,0.0,,,52453.0,100045.0,,,154893571.0,1573947.0,,,100045.0,0.0,,,154893571.0,152498.0,-24465081.0,-24465081.0,-1960158.0,-1960158.0,-2397751.0,2397751.0,,,6150.0,1929188.0,1960158.0,,24078533.0,24465081.0,0.0,,0.0,,154741073.0,0.0,0.0,823804.0,,,,,,,-2386951.0,,0.0,,29500000.0,1600000.0,1600000.0,0.0,3318062.0,
2017-01-31,2017-03-13,10-Q,Invesco CurrencyShares Swiss Franc Trust,FXF,CIK0001353615,USD,,,,0.0,,149963465.0,147953955.0,149963465.0,149963465.0,-4930106.0,,,0.0,,,,,-448584.0,,,0.0,50923.0,-0.28,,246706.0,,-252.0,0.0,,,50923.0,97160.0,,,149963465.0,287820.0,,,97160.0,0.0,,,149963465.0,148083.0,,-4733259.0,,-443553.0,-438886.0,438886.0,,,-9698.0,447279.0,443553.0,,4773018.0,4733259.0,0.0,,0.0,,149815382.0,0.0,0.0,151066.0,,,,,,,-192432.0,,,,29500000.0,1550000.0,1550000.0,0.0,1581522.0,
2017-04-30,2017-06-09,10-Q,Invesco CurrencyShares Swiss Franc Trust,FXF,CIK0001353615,USD,,,,0.0,,148205106.0,147530773.0,148205106.0,148205106.0,,148205106.0,,0.0,,,,,-419691.0,,,0.0,48703.0,-0.27,,,,,,,,,,,,148205106.0,273462.0,,,92637.0,0.0,,,148205106.0,141340.0,,,,,-417239.0,417239.0,,,-2452.0,,,,,,,,,,148063766.0,0.0,0.0,143777.0,,,,,,,,,0.0,,29500000.0,1550000.0,1550000.0,,1550000.0,
2017-07-31,2017-09-11,10-Q,Invesco CurrencyShares Swiss Franc Trust,FXF,CIK0001353615,USD,,,,0.0,,157379891.0,151847987.0,157379891.0,157379891.0,,157379891.0,,0.0,,,,,-462425.0,,,0.0,53225.0,-0.29,,,,,,,,,,,,157379891.0,303040.0,,,106266.0,0.0,,,157379891.0,159491.0,,,,,-459260.0,459260.0,,,-3165.0,,,,,,,,,,157220400.0,0.0,0.0,156220.0,,,,,,,,,0.0,,29500000.0,1600000.0,1600000.0,,1580978.0,
2017-10-31,2018-01-11,10-K,Invesco CurrencyShares Swiss Franc Trust,FXF,CIK0001353615,USD,,,,0.0,,151886127.0,151400092.0,151886127.0,151886127.0,-3007444.0,151886127.0,-3007444.0,0.0,,,,,-2219960.0,,,0.0,51576.0,-1.4100000000000001,1887.0,-1211008.0,-1211008.0,1887.0,0.0,,,51576.0,98099.0,,,151886127.0,1463384.0,,,98099.0,0.0,,,151886127.0,149675.0,-23106.0,-23106.0,-1773330.0,-1773330.0,-2229403.0,2229403.0,,,9443.0,1751340.0,1773330.0,,28503512.0,28861393.0,28480692.0,28838287.0,0.0,,151736452.0,0.0,0.0,766019.0,,,,,,,-2981515.0,,,,29500000.0,1600000.0,1600000.0,28838287.0,3178356.0,
2018-01-31,2018-03-12,10-Q,Invesco CurrencyShares Swiss Franc Trust,FXF,CIK0001353615,USD,,,,0.0,,157315103.0,146240120.0,157315103.0,157315103.0,5428976.0,,,0.0,,,,,-461541.0,,,0.0,53420.0,-0.28,,10694791.0,,-10540.0,0.0,,,,,,,157315103.0,287041.0,,,101606.0,,,,157315103.0,155026.0,,-4822777.0,,-443038.0,,,,,-23692.0,434133.0,,,4725839.0,,0.0,,,,,0.0,,,,,,,,,10246402.0,,,,29500000.0,1550000.0,,,1551087.0,
2018-04-30,2018-06-11,10-Q,Invesco CurrencyShares Swiss Franc Trust,FXF,CIK0001353615,USD,,,,0.0,,156814239.0,155230416.0,156814239.0,,,,,0.0,,,,,-428843.0,,,0.0,51532.0,,,,,,,,,,,,,156814239.0,,,,98015.0,,,,156814239.0,149547.0,,,,,,,,,17541.0,,,,,,,,,,,0.0,,,,,,,,,,,,,29500000.0,1650000.0,,,,
2018-07-31,2018-09-07,10-Q,Invesco CurrencyShares Swiss Franc Trust,FXF,CIK0001353615,USD,,,,0.0,,165815843.0,164157685.0,165815843.0,,,,,0.0,,,,,-449122.0,,,0.0,54750.0,,,,,,,,,,,,,161082637.0,,,,104038.0,,,,165815843.0,158788.0,,,,,,,,,-1852.0,,,,,,,,,,165657055.0,0.0,,,,,,,,,,,,,29500000.0,1750000.0,1750000.0,,,
2018-10-31,2019-01-11,10-K,Invesco CurrencyShares Swiss Franc Trust,FXF,CIK0001353615,USD,,,,,,176670999.0,177713358.0,176670999.0,,,,24784872.0,0.0,,,,,,,,0.0,59992.0,-1.11,-2134723.0,,-2136824.0,,0.0,,,8416.0,113716.0,,,176670999.0,1206494.0,,1190877.0,113716.0,0.0,,,176670999.0,173708.0,28737015.0,,-1817420.0,,-1841453.0,1841453.0,,,,1774292.0,1815319.0,,14121783.0,14448315.0,42209341.0,43185330.0,0.0,1841453.0,176497291.0,0.0,0.0,634959.0,,,,,,,-3976176.0,,,,29500000.0,1900000.0,1900000.0,43185330.0,1651644.0,
2019-03-31,2019-05-09,10-Q,Invesco CurrencyShares Swiss Franc Trust,FXF,CIK0001353615,USD,,,,,,149551411.0,148938249.0,149551411.0,,,149551411.0,-25644826.0,,,,,,,,0.0,0.0,50885.0,-0.27,-1612200.0,,,,0.0,0.0,,-10576.0,,,,149551411.0,295940.0,,295940.0,97083.0,0.0,,,149551411.0,147968.0,-23550864.0,,-481762.0,,-451167.0,451167.0,,,,478390.0,,,32604681.0,32867039.0,9312870.0,9316175.0,,451167.0,149403443.0,0.0,0.0,155227.0,,,,,,,,-2063367.0,,,29500000.0,1600000.0,1600000.0,9316175.0,1678889.0,
2019-06-30,2019-08-08,10-Q,Invesco CurrencyShares Swiss Franc Trust,FXF,CIK0001353615,USD,,,,,147555865.0,,143866968.0,147555865.0,,,147555865.0,,,,,,,,,,,50470.0,-0.27,,,,,,,,,,,,147555865.0,281876.0,,,96000.0,0.0,,146470.0,147555865.0,,,,,,-430071.0,430071.0,,,,,,,,,,,,430071.0,147409395.0,0.0,0.0,148195.0,,,,,,,,,,,29500000.0,1550000.0,1550000.0,,1602198.0,
2019-09-30,2019-11-12,10-Q,Invesco CurrencyShares Swiss Franc Trust,FXF,CIK0001353615,USD,,,,,143854054.0,,143444069.0,143854054.0,,,143854054.0,,,,,,,,,,,48595.0,-0.27,,,,,,,,,,,,143854054.0,285889.0,,,92429.0,0.0,0.0075,141024.0,143854054.0,,,,,,-433703.0,433703.0,,,,,,,,,,,,433703.0,143713030.0,0.0,0.0,147814.0,,,,,,,,,,,29500000.0,1550000.0,1550000.0,,1585870.0,
2019-12-31,2020-02-28,10-K,Invesco CurrencyShares Swiss Franc Trust,FXF,CIK0001353615,USD,,,,,133410414.0,,129187974.0,133410414.0,,,128650484.0,-46545753.0,,,,,,,,,,47024.0,-1.08,2383666.0,,2383666.0,,0.0,,,-14437.0,-27658.0,,,128650484.0,1131825.0,,1159483.0,89444.0,0.0,0.0075,136468.0,133410414.0,,-47163252.0,,-1766167.0,,-1724072.0,1724072.0,,,,1759836.0,,,88118747.0,89286214.0,46358107.0,42122962.0,,1724072.0,133273946.0,0.0,0.0,592247.0,,,,,,,,,,,29500000.0,1400000.0,1400000.0,,1589315.0,
2020-03-31,2020-05-08,10-Q,Invesco CurrencyShares Swiss Franc Trust,FXF,CIK0001353615,USD,,,,,137884181.0,,133409839.0,137884181.0,,,137884181.0,9233697.0,,,,,,,,,,46228.0,-0.27,290871.0,,290871.0,,0.0,,,-796.0,-1571.0,,,137884181.0,263896.0,,263896.0,87873.0,0.0,0.0075,134101.0,137884181.0,,9347601.0,,-404775.0,,-402408.0,402408.0,,,,392010.0,,,22991844.0,24046323.0,27605719.0,33393924.0,,402408.0,137750080.0,0.0,0.0,138512.0,,,,,,,,,,,29500000.0,1450000.0,1450000.0,,1471978.0,
2020-06-30,2020-08-07,10-Q,Invesco CurrencyShares Swiss Franc Trust,FXF,CIK0001353615,USD,,,,,174321754.0,,165178578.0,174321754.0,,,174321754.0,,,,,,,,,,,70923.0,-0.27,,,,,,,,,,,,174321754.0,346857.0,,,135274.0,0.0,0.0075,206197.0,174321754.0,,,,,,-528172.0,528172.0,,,,,,,,,,,,528172.0,174115557.0,0.0,0.0,181315.0,,,,,,,,,,,29500000.0,1800000.0,1800000.0,,1965934.0,
2020-09-30,2020-11-06,10-Q,Invesco CurrencyShares Swiss Franc Trust,FXF,CIK0001353615,USD,,,,,248917402.0,,228692864.0,248917402.0,,,248917402.0,,,,,,,,,,,80218.0,-0.29,,,,,,,,,,,,248917402.0,419638.0,,,152991.0,0.0,0.0075,233209.0,248917402.0,,,,,,-639653.0,639653.0,,,,,,,,,,,,639653.0,248684193.0,0.0,0.0,220015.0,,,,,,,,,,,29500000.0,2500000.0,2500000.0,,2222826.0,
2020-12-31,2021-02-26,10-K,Invesco CurrencyShares Swiss Franc Trust,FXF,CIK0001353615,USD,,,,,294084778.0,,259956239.0,294084778.0,,,288930188.0,160279704.0,,,,,,,,,,97112.0,-1.13,,,21284692.0,,0.0,,,50088.0,95771.0,,,288930188.0,1547778.0,,1452007.0,185215.0,,0.0075,282327.0,294084778.0,,141208042.0,,-2213030.0,,-2358889.0,2358889.0,,,,2082480.0,,,96359052.0,101057034.0,229209797.0,242265076.0,,2358889.0,293802451.0,0.0,,811111.0,,,,,,,,,,,29500000.0,2850000.0,2850000.0,,2087432.0,
2021-03-31,2021-05-07,10-Q,Invesco CurrencyShares Swiss Franc Trust,FXF,CIK0001353615,USD,,,,,285090776.0,,259226423.0,275435821.0,,,285090776.0,-3839412.0,,,,,,,,,,96016.0,-0.29,,,-18716958.0,,0.0,,,-1096.0,-2574.0,,,285090776.0,571812.0,,574386.0,182641.0,,0.0075,9933612.0,285090776.0,,15753647.0,,-876101.0,,-872431.0,872431.0,,,,777116.0,,,50038103.0,45469323.0,50085403.0,61222970.0,,872431.0,275157164.0,,,300619.0,,,,,,,,,,,29500000.0,2850000.0,2850000.0,,3030556.0,
2021-06-30,2021-08-06,10-Q,Invesco CurrencyShares Swiss Franc Trust,FXF,CIK0001353615,USD,,,,,264896774.0,,240327241.0,259995934.0,,,264896774.0,,,,,,,,,,,86620.0,-0.29,,,,,,,,,,,,264896774.0,507371.0,,,164753.0,,0.0075,5152214.0,264896774.0,,,,,,-774106.0,774106.0,,,,,,,,,,,,774106.0,259744560.0,,,266735.0,,,,,,,,,,,29500000.0,2650000.0,2650000.0,,2681319.0,
2021-09-30,2021-11-05,10-Q,Invesco CurrencyShares Swiss Franc Trust,FXF,CIK0001353615,USD,,,,,237491415.0,,221543866.0,237491415.0,,,237491415.0,,,,,,,,,,,80750.0,-0.29,,,,,,,,,,,,237491415.0,484884.0,,,153689.0,0.0,0.0075,234439.0,237491415.0,,,,,,-739748.0,739748.0,,,,,,,,,,,,739748.0,237256976.0,0.0,0.0,254864.0,,,,,,,,,,,,2450000.0,2450000.0,,2560326.0,
2021-12-31,2022-02-25,10-K,Invesco CurrencyShares Swiss Franc Trust,FXF,CIK0001353615,USD,,,,,247388709.0,,225408223.0,247388709.0,,,247388709.0,-41541479.0,,,,,,,,,,85630.0,-1.15,,,-10353005.0,,0.0,,,-11482.0,-22343.0,,,247388709.0,2044145.0,,2066488.0,162872.0,,0.0075,248502.0,247388709.0,,-28035834.0,,-3152640.0,,-3118815.0,3118815.0,,,,2872803.0,,,122456452.0,133806163.0,90781239.0,105770329.0,,3118815.0,247140207.0,0.0,,1074670.0,,,,,,,,,,,,2500000.0,2500000.0,,2706027.0,
