end,filed,form,Name,Ticker,CIK,Currency,AccountsPayableAndAccruedLiabilities,AccountsPayableAndAccruedLiabilitiesCurrent,AccretionExpense,AccruedLiabilitiesCurrent,AccumulatedDepreciationDepletionAndAmortizationPropertyPlantAndEquipment,AdditionalPaidInCapital,AdditionalPaidInCapitalCommonStock,AdjustmentsToAdditionalPaidInCapitalConvertibleDebtWithConversionFeature,AmortizationOfDebtDiscountPremium,AmortizationOfFinancingCostsAndDiscounts,AntidilutiveSecuritiesExcludedFromComputationOfEarningsPerShareAmount,Assets,AssetsCurrent,Cash,CashAndCashEquivalentsAtCarryingValue,CashAndCashEquivalentsPeriodIncreaseDecrease,CommonStockParOrStatedValuePerShare,CommonStockSharesAuthorized,CommonStockSharesIssued,CommonStockSharesOutstanding,CommonStockValue,ConvertibleNotesPayable,CurrentIncomeTaxExpenseBenefit,DebtConversionConvertedInstrumentAmount1,DebtConversionConvertedInstrumentSharesIssued1,DebtConversionOriginalDebtAmount1,DebtInstrumentConvertibleBeneficialConversionFeature,DebtInstrumentConvertibleConversionPrice1,DebtInstrumentDecreaseForgiveness,DebtInstrumentFaceAmount,DebtInstrumentInterestRateEffectivePercentage,DebtInstrumentInterestRateStatedPercentage,DebtInstrumentUnamortizedDiscount,DebtInstrumentUnamortizedDiscountCurrent,DebtInstrumentUnamortizedDiscountPremiumNet,DeferredTaxAssetsNet,DeferredTaxAssetsOperatingLossCarryforwards,DeferredTaxAssetsValuationAllowance,Depreciation,DevelopmentStageEnterpriseDeficitAccumulatedDuringDevelopmentStage,DueFromRelatedPartiesCurrent,DueToAffiliateCurrent,DueToRelatedParties,DueToRelatedPartiesCurrent,DueToRelatedPartiesNoncurrent,EarningsPerShareBasic,EarningsPerShareBasicAndDiluted,EarningsPerShareDiluted,EffectiveIncomeTaxRateContinuingOperations,ExplorationCosts,ExplorationExpense,ExplorationExpenseMining,FinitelivedIntangibleAssetsAcquired1,ForeignCurrencyTransactionGainLossBeforeTax,GainLossOnSaleOfDebtInvestments,GainLossOnSaleOfProperties,GainLossOnSaleOfUnprovedProperty,GainsLossesOnExtinguishmentOfDebt,GainsLossesOnRecourseDebt,GainsLossesOnRestructuringOfDebt,GeneralAndAdministrativeExpense,IncomeLossFromContinuingOperationsBeforeIncomeTaxesExtraordinaryItemsNoncontrollingInterest,IncomeTaxExpenseBenefit,IncomeTaxesPaid,IncomeTaxesPaidNet,IncomeTaxReconciliationChangeInDeferredTaxAssetsValuationAllowance,IncomeTaxReconciliationChangeInEnactedTaxRate,IncomeTaxReconciliationIncomeTaxExpenseBenefitAtFederalStatutoryIncomeTaxRate,IncreaseDecreaseInAccountsPayableAndAccruedLiabilities,IncreaseDecreaseInDueToRelatedPartiesCurrent,IncreaseDecreaseInPrepaidExpense,InterestExpense,InterestExpenseDebt,InterestIncomeExpenseNet,InterestPaid,InterestPaidNet,InterestPayableCurrent,InterestPayableCurrentAndNoncurrent,InvestmentIncomeInterest,InvestmentIncomeNet,IssuanceOfStockAndWarrantsForServicesOrClaims,LegalFees,Liabilities,LiabilitiesAndStockholdersEquity,LiabilitiesCurrent,LicenseCosts,LoansAssumed1,LongTermNotesPayable,ManagementFeeExpense,MarketableSecuritiesCurrent,MarketableSecuritiesGainLoss,MarketableSecuritiesRealizedGainLoss,MarketableSecuritiesUnrealizedGainLoss,MineralPropertiesNet,MinorityInterestOwnershipPercentageByParent,NetCashProvidedByUsedInFinancingActivities,NetCashProvidedByUsedInFinancingActivitiesContinuingOperations,NetCashProvidedByUsedInInvestingActivities,NetCashProvidedByUsedInInvestingActivitiesContinuingOperations,NetCashProvidedByUsedInOperatingActivities,NetCashProvidedByUsedInOperatingActivitiesContinuingOperations,NetIncomeLoss,NoncashOrPartNoncashAcquisitionNetNonmonetaryAssetsAcquiredLiabilitiesAssumed1,NonoperatingIncomeExpense,NotesAssumed1,NotesPayableCurrent,NotesPayableRelatedPartiesClassifiedCurrent,NotesPayableRelatedPartiesCurrent,NotesPayableRelatedPartiesCurrentAndNoncurrent,NotesPayableRelatedPartiesNoncurrent,OperatingExpenses,OperatingIncomeLoss,OperatingLossCarryforwards,OtherComprehensiveIncomeLossBeforeTax,OtherComprehensiveIncomeLossBeforeTaxPeriodIncreaseDecrease,OtherNonoperatingIncomeExpense,OtherSellingGeneralAndAdministrativeExpense,PaidInKindInterest,PaymentsToAcquireMineralRights,PaymentsToAcquireMiningAssets,PaymentsToAcquireOilAndGasProperty,PaymentsToAcquirePropertyPlantAndEquipment,PreferredStockParOrStatedValuePerShare,PreferredStockSharesAuthorized,PreferredStockSharesIssued,PreferredStockSharesOutstanding,PreferredStockValue,PrepaidExpenseCurrent,ProceedsFromCollectionOfLongtermLoansToRelatedParties,ProceedsFromIssuanceOfCommonStock,ProceedsFromNotesPayable,ProceedsFromRelatedPartyDebt,ProceedsFromRepaymentsOfNotesPayable,ProceedsFromSaleAndMaturityOfMarketableSecurities,ProceedsFromSaleOfOilAndGasPropertyAndEquipment,ProfessionalFees,ProfitLoss,PropertyPlantAndEquipmentGross,PropertyPlantAndEquipmentNet,ProvisionForDoubtfulAccounts,RepaymentOfNotesReceivableFromRelatedParties,RepaymentsOfRelatedPartyDebt,RetailLandSalesDepositMethodPropertyCarryingValue,RetainedEarningsAccumulatedDeficit,Revenues,SharesIssuedPricePerShare,SharesOutstanding,SponsorFees,StockholdersEquity,StockholdersEquityIncludingPortionAttributableToNoncontrollingInterest,StockIssued1,StockIssuedDuringPeriodSharesAcquisitions,StockIssuedDuringPeriodSharesIssuedForServices,StockIssuedDuringPeriodSharesNewIssues,StockIssuedDuringPeriodSharesPurchaseOfAssets,StockIssuedDuringPeriodValueAcquisitions,StockIssuedDuringPeriodValueConversionOfConvertibleSecuritiesNetOfAdjustments,StockIssuedDuringPeriodValueIssuedForServices,StockIssuedDuringPeriodValueNewIssues,StockIssuedDuringPeriodValuePurchaseOfAssets,UnsecuredDebt,ValuationAllowanceDeferredTaxAssetChangeInAmount,WeightedAverageNumberDilutedSharesOutstandingAdjustment,WeightedAverageNumberOfDilutedSharesOutstanding,WeightedAverageNumberOfShareOutstandingBasicAndDiluted,WeightedAverageNumberOfSharesIssuedBasic,WeightedAverageNumberOfSharesOutstandingBasic
2008-12-31,2009-03-31,10-K,U.S. LITHIUM CORP.,LITH,CIK0001396054,USD,,,,,,,,,,,,,,,,,,,,,,,,,,,,,,,,,,,,,,,,,,,,,,,,,,,,,,,,,,,,,,,,,,,,,,,,,,,,,,,,,,,,,,,,,,,,,,,,,,,,,,,,,,,,,,,,,,,,,,,,,,,,,,,,,,,,,,,,,,,,,,,,,,,-20447.0,,,,,,,,,,,,,,,,,,,,
2009-12-31,2010-03-31,10-K,U.S. LITHIUM CORP.,LITH,CIK0001396054,USD,,,,,,,,,,,,,,,3499.0,,,,,,,,,,,,,,,,,,,,,,,,,,,,,,,,,,,,,,,,,,,,,,,,,,,,,,,,,,,,,,,,,,,,,,,,,,,,,,,,,,,,,,,,,,,,,,,,,,,,,,,,,,,,,,,,,,,,,,,,,,,,,,,,,,,,-71035.0,,,,,,,,,,,,,,,,,,,,
2010-06-30,2010-08-16,10-Q,U.S. LITHIUM CORP.,LITH,CIK0001396054,USD,,,,,,,,,,,,,,,1156.0,,,,,,,,,,,,,,,,,,,,,,,,,,,,,,,,0.0,,,,,7862.0,,0.0,,,,,,,,-31061.0,,,,,,,,,,,,,,,,,-1667.0,,,,,,,,,,,,,,,,,,,,,,,,,,,,,,,,29394.0,,,,-29394.0,,11532.0,,,,,,,,,,,,,,,,,,,10000.0,,,,,,,,,0.0,,,0.0,,,,,,,,,,,,,,,,,,40698273.0,
2010-09-30,2010-11-15,10-Q,U.S. LITHIUM CORP.,LITH,CIK0001396054,USD,,,,,,,,,,,,,,,401.0,,,,,,,,,,,,,,,,,,,,,,,,,,,,,,,,0.0,,,,,0.0,,0.0,,,,,,,,,,,,,,,,,,-2311.0,,,,,,,,,,,,,,,,,,,,,,,,,,,,,,,,,,,,,,,3507.0,-3507.0,,,,,3507.0,,,,,,,,,,,,,,,,,,,0.0,-5818.0,,,,,,,,0.0,,,,,,,,,,,,,,,,,,,,,,
2010-12-31,2011-03-29,10-K,U.S. LITHIUM CORP.,LITH,CIK0001396054,USD,,19234.0,,,,57993.0,,,,,,0.0,,0.0,0.0,-3499.0,0.001,100000000.0,40698273.0,40698273.0,40698.0,,,,,,,,,,,,,,,,,,,-233135.0,,,5000.0,5000.0,,,0.0,,,,,10101.0,,0.0,,,,,,,25811.0,,,,0.0,,,,15063.0,,,-6956.0,,,0.0,,,,,,,,134444.0,0.0,134444.0,,,,,,,,,,,44847.0,,-3000.0,,-45346.0,,-65868.0,,,,,109978.0,109978.0,,,58912.0,-58912.0,,,,,,,,-3000.0,,,0.001,100000000.0,,,0.0,0.0,,0.0,44847.0,0.0,,,,23000.0,-65868.0,,,,,0.0,,,0.0,,-134444.0,,-134444.0,,,,,,,,,,,,,,,,,,
2011-03-31,2011-05-20,10-Q,U.S. LITHIUM CORP.,LITH,CIK0001396054,USD,,,,,,,,,,,,,,,1380.0,1380.0,,,,,,,,,,,,,,,,,,,,,,,,,,,,,,,0.0,,,,,0.0,,0.0,,,,,,,272.0,,,,0.0,,,,4577.0,0.0,,-2269.0,,,0.0,,,,,,,,,,,,,,,,,,,,,8928.0,,0.0,,-7548.0,,-12991.0,,,,,,,,,10722.0,-10722.0,,,,,,,,0.0,,,,,,,,,,0.0,11928.0,0.0,,,,10450.0,-12991.0,,,,,-3000.0,,,0.0,,,,,,,,,,,,,,,,,,,,,,
2011-06-30,2011-08-22,10-Q,U.S. LITHIUM CORP.,LITH,CIK0001396054,USD,,,,,,109021.0,,,,,,30879.0,,,30879.0,,0.001,100000000.0,41412559.0,41412559.0,41412.0,,,,,,,,,,,,,,,,,,,-269677.0,,,3950.0,,,,0.0,,,,,1576.0,,0.0,,,,,,,7201.0,-23368.0,,,,,,,,,,-2591.0,,,,,,,-2591.0,,,,,30879.0,150123.0,,,,,,,,,,,,,,,,,,,,,,,121906.0,,,20777.0,-20777.0,,,-20777.0,,7201.0,,,,,,0.001,10000000.0,,,0.0,,,,,,,,,10000.0,-23368.0,,,,,,,,0.0,,,2000.0,-119244.0,,,,,,,,,,,,,,,,,41020094.0,
2011-09-30,2011-11-17,10-Q,U.S. LITHIUM CORP.,LITH,CIK0001396054,USD,,29657.0,,,,110029.0,,,,,,6763.0,,5763.0,5763.0,,0.001,100000000.0,41412559.0,41412559.0,41412.0,,,,,,,,,,,,,,,,,,,-300191.0,,,,3950.0,,,0.0,,,,,0.0,,0.0,,,,,,,2609.0,,,,,,,,,,,-2742.0,,,,,,,,,,,,6763.0,155513.0,,,,,,,,,,,,,,,,,-30513.0,,,,,121906.0,,,,27771.0,-27771.0,,,,,2609.0,,,,,,0.001,10000000.0,,,0.0,1000.0,,,,,,,,11500.0,-30513.0,,,,,,,,0.0,,,,-148750.0,,,,,,,,,,,,,,,,,,
2011-12-31,2012-04-12,10-K,U.S. LITHIUM CORP.,LITH,CIK0001396054,USD,35736.0,35736.0,,11784.0,,111037.0,,,,,,1398.0,,1398.0,1398.0,1398.0,0.001,100000000.0,41412559.0,41412559.0,41412.0,,,,,,,,,,,,,,,,,,,-318643.0,9950.0,35131.0,9950.0,9950.0,,,0.0,,,,,1576.0,,0.0,,,,,,,10292.0,,,,0.0,,,,16270.0,0.0,,-10528.0,,,0.0,0.0,8029.0,,,,,,167592.0,1398.0,,,,,,,,,,,,66878.0,,0.0,,-65480.0,,-85508.0,,,,0.0,121906.0,,86775.0,,74980.0,-74980.0,,,,,,,,0.0,,,0.001,10000000.0,0.0,0.0,0.0,,,50000.0,11928.0,9950.0,0.0,,,41450.0,-85508.0,,,,,-5000.0,,,0.0,,-166194.0,,-166194.0,,,,,,,,,,,,,,,,,,
2012-03-31,2012-05-11,10-Q,U.S. LITHIUM CORP.,LITH,CIK0001396054,USD,,37512.0,,,,112035.0,,,,,,20.0,,20.0,20.0,-1378.0,0.001,100000000.0,41412559.0,41412559.0,41412.0,,,,,,,,,,,,,,,,,,,-340815.0,,,,15950.0,,,0.0,,,,,0.0,,0.0,,,,,,,1400.0,,,,0.0,,,,1776.0,6000.0,,-2772.0,,,0.0,0.0,,,,,,,187388.0,20.0,,,,,,,,,,,,12020.0,,0.0,,-13398.0,,-22172.0,,,,,133926.0,,,,19400.0,-19400.0,,,,,,,,0.0,,,0.001,100000000.0,0.0,0.0,0.0,,,0.0,0.0,0.0,12020.0,,,12000.0,-22172.0,,,,,0.0,,,0.0,,,,-187368.0,,,,,,,,,,,,,,,,,,
2012-06-30,2012-08-20,10-Q,U.S. LITHIUM CORP.,LITH,CIK0001396054,USD,45589.0,,,,,113032.0,,,,,,0.0,,0.0,0.0,,0.001,100000000.0,41412559.0,41412559.0,41412.0,,,,,,,,,,,,,,,,,,,-365909.0,,,18950.0,,,,0.0,,,,,0.0,,0.0,,,,,,,591.0,,,,,,,,,,,-3253.0,,,,,,,,,,,211465.0,0.0,,,,,,,,,,,,,,,,,,-25904.0,,,,,146926.0,,,,21841.0,-21841.0,,,,,,,,,,,0.001,10000000.0,0.0,0.0,0.0,,,,,,,,,15250.0,-25094.0,,,,,,,365909.0,0.0,,,,-211465.0,,,,,,,,,,,,,,,,41412559.0,,
2012-09-30,2012-11-19,10-Q,U.S. LITHIUM CORP.,LITH,CIK0001396054,USD,,39696.0,,18370.0,,114029.0,,,,,,0.0,,,0.0,,0.001,100000000.0,41412559.0,41412559.0,41412.0,,,,,,,,,,0.06,,,,,,,,,-379013.0,29300.0,35131.0,,,,,0.0,,,,,0.0,,0.0,,,,0.0,,,301.0,,,,,,,,,,,-3553.0,,,,,11021.0,,,,,,223572.0,0.0,,,,,,,,,,,,,,,,,,-13104.0,,,,,154576.0,,119445.0,,9551.0,-9551.0,,,,-3553.0,,,,,,,0.001,10000000.0,,,0.0,,,,,,,,,3250.0,,,,,,,,379013.0,0.0,,,,-223572.0,,,,,,,,,,,,,,,,41412559.0,,
2012-12-31,2013-04-15,10-K,U.S. LITHIUM CORP.,LITH,CIK0001396054,USD,45512.0,45511.0,0.0,,,114914.0,,,,,,0.0,,0.0,0.0,-1398.0,0.001,100000000.0,41412559.0,41412559.0,41412.0,,,,,,0.0,,0.0,,,,,,,,,,,-403482.0,34569.0,,,34569.0,,,0.0,,,,,0.0,,0.0,,,,,,,9671.0,,,,0.0,,,,9775.0,24619.0,,-14568.0,,,,0.0,,,,,,,247156.0,0.0,,,,,,,,,,,,45170.0,,0.0,,-46568.0,,-84839.0,,,,20500.0,146576.0,,,,70271.0,-70271.0,,-70271.0,,,,,,0.0,,,0.001,10000000.0,,,0.0,,,0.0,24670.0,0.0,20500.0,,,36600.0,-84839.0,,,0.0,,0.0,,,0.0,,-247156.0,,-247156.0,,,,,,,,,,,,20500.0,,,,41412559.0,,
2013-03-31,2013-05-20,10-Q,U.S. LITHIUM CORP.,LITH,CIK0001396054,USD,53505.0,,0.0,,,115780.0,,,0.0,,,0.0,,0.0,0.0,0.0,0.001,100000000.0,41412559.0,41412559.0,41412.0,,,,,,,,0.0,,,,,,,,,,,-426936.0,39069.0,,,,,,0.0,,,,,0.0,,0.0,,,,,,,4645.0,,,,0.0,,,,7993.0,4500.0,,-3809.0,,,,0.0,,,,,,,269744.0,0.0,,0.0,,,6000.0,,,,,,,10095.0,,0.0,,-10095.0,,-23454.0,,,,20500.0,156670.0,,,,19645.0,-19645.0,,-19645.0,,,,,,0.0,,,0.001,10000000.0,,,0.0,,,0.0,0.0,0.0,10095.0,,,9000.0,-23454.0,,,0.0,,0.0,,,0.0,,,,-269744.0,,,,,,,,,0.0,,,20500.0,,,,41412559.0,,
2013-06-30,2013-08-12,10-Q,U.S. LITHIUM CORP.,LITH,CIK0001396054,USD,,52569.0,,,,116656.0,,,,,,0.0,,0.0,0.0,,0.001,100000000.0,41412559.0,41412559.0,41412.0,,,,,,,,,,,,,,,,,,,-445581.0,,,,45069.0,,,0.0,,,,,0.0,,0.0,,,,,,,791.0,,,,,,,,,,,-4254.0,-4254.0,,,,,,,,,,287513.0,0.0,,0.0,,,6000.0,,,,,,,,,,,,,-18645.0,,,,20500.0,169375.0,,,,14391.0,-14391.0,,-14391.0,,,,,,,,,0.001,10000000.0,,,0.0,,,,,,,,,7600.0,,,,,,,,,0.0,,,,-287513.0,,,,,,,,,,,,,,,,41412559.0,,
2013-09-30,2013-11-08,10-Q,U.S. LITHIUM CORP.,LITH,CIK0001396054,USD,,35448.0,,,,117542.0,,,,,,8500.0,,8500.0,8500.0,,0.001,100000000.0,41412559.0,41412559.0,41412.0,,,,,,,,,,,,,,,,,,,-446846.0,,,,36069.0,,,0.0,,,,,0.0,,0.0,,,,19100.0,19100.0,,1935.0,,,,,,,,,,,-4830.0,-4830.0,,,,,,,,,,296392.0,8500.0,,,,,6000.0,,,,,,,,,,,,,-1265.0,,,,55500.0,169375.0,,,,15535.0,-15535.0,,-15535.0,,14270.0,,,,,,,0.001,10000000.0,,,0.0,,,,,,,,,7600.0,-1265.0,,,,,,,,0.0,,,,-287892.0,,,,,,,,,,,,,,,,41412559.0,,
2013-12-31,2014-04-04,10-K,U.S. LITHIUM CORP.,LITH,CIK0001396054,USD,,41789.0,436.0,,,124428.0,,,,,,4524.0,,4524.0,4524.0,4524.0,0.001,100000000.0,41412559.0,41412559.0,41412.0,,,,,,6000.0,,-19100.0,,,,,,5564.0,,,,,470486.0,,,,42069.0,,,0.0,,,,,0.0,,0.0,,,,,,,10172.0,,,,0.0,,,,15378.0,7500.0,,-18196.0,,,,0.0,,,,,,,309170.0,4524.0,308734.0,,,436.0,24000.0,,,,,,,63800.0,63800.0,0.0,,-59276.0,-59276.0,-67004.0,,,,55500.0,169376.0,,,436.0,67472.0,-67472.0,,-67472.0,,,,3514.0,,0.0,,,0.001,10000000.0,,,0.0,,,0.0,41000.0,22800.0,22800.0,,,33300.0,-67004.0,,,19100.0,,0.0,,,0.0,,-304646.0,,-304646.0,-304646.0,,,,,,,,,,,,,,,41412559.0,,
2014-03-31,2014-05-20,10-Q,U.S. LITHIUM CORP.,LITH,CIK0001396054,USD,,46298.0,1479.0,,,536894.0,,,10000.0,,,809.0,,809.0,809.0,-3715.0,0.001,100000000.0,45612559.0,45612559.0,45612.0,,,,,,,,0.0,,,,,,,,,,,-901705.0,,,,46919.0,,,-0.01,,,,,0.0,396000.0,0.0,,,,0.0,,,690.0,,,,0.0,,,,4509.0,4850.0,,-6729.0,,,,0.0,,,,,,,320008.0,809.0,318093.0,396000.0,,,6000.0,,,,,,,10000.0,,0.0,,-13715.0,,-431219.0,,,,55500.0,169376.0,,,1915.0,424490.0,-424490.0,,-424490.0,,-6729.0,,866.0,,0.0,,,0.001,10000000.0,,,0.0,,,0.0,10000.0,0.0,0.0,,,12000.0,-431219.0,,,0.0,,0.0,,,0.0,,,,-319199.0,,,,,,,,,9800.0,,,,,,,43650755.0,,
2014-06-30,2014-08-15,10-Q,U.S. LITHIUM CORP.,LITH,CIK0001396054,USD,,49593.0,,,,545805.0,,,,,,149.0,,149.0,149.0,,0.001,100000000.0,45612559.0,45612559.0,45612.0,,,,,,,,,,,,,,19414.0,,,,,-927631.0,,,,53799.0,,,0.0,,,,,,,,,,,,,,720.0,,,,,,,,,,,,-8014.0,,,,,,,,,,336369.0,149.0,328268.0,0.0,,8101.0,6000.0,,,,,,,,,,,,,-25932.0,,,,55500.0,169376.0,,,,17918.0,-17918.0,,-17918.0,,,,,,,,,0.001,10000000.0,,,0.0,,,,,,,,,11198.0,,,,,,,,,0.0,,,,-336220.0,,,,,,,,,,,,,,,,45612559.0,,
2014-09-30,2014-11-19,10-Q,U.S. LITHIUM CORP.,LITH,CIK0001396054,USD,,54052.0,,,,551641.0,,,,,,22.0,,22.0,22.0,,0.001,100000000.0,45612559.0,45612559.0,45612.0,,,,,,,,,,,,,,,,,,,,,,,59799.0,470.0,,0.0,,,,,,,,,,,,,,504.0,,,,,,,,,,,,-10704.0,,,,,,,,,,351006.0,22.0,338727.0,,,11809.0,6000.0,,,,,,,,,,,,,-20600.0,,,,55500.0,169376.0,,,,9896.0,-9896.0,,-9896.0,,,,,,,,,0.001,10000000.0,,,0.0,,,,,,,,,3392.0,-20600.0,,,,,,,,0.0,,,,,-350984.0,,,,,,,,,,,,,,,45612559.0,,
2014-12-31,2015-04-13,10-K,U.S. LITHIUM CORP.,LITH,CIK0001396054,USD,,58834.0,11455.0,,,554926.0,,25385.0,25385.0,,,256.0,,256.0,256.0,-4268.0,0.001,500000000.0,45612559.0,45612559.0,45612.0,,165536.0,,,,25385.0,,,,,,,,,,325353.0,325353.0,,-968812.0,,,,65799.0,4862.0,,-0.01,,,,,,,,,,,,,,2923.0,,,,,,,,17045.0,23730.0,,,,,,,,,,,9800.0,9800.0,368530.0,256.0,352945.0,396000.0,,10723.0,24000.0,,,,,,,,32515.0,,,,-36783.0,-498326.0,,-34707.0,,58936.0,169376.0,,,4862.0,463619.0,-463619.0,,,,,,3513.0,,,,,0.001,10000000.0,0.0,0.0,0.0,,,,21515.0,11000.0,,,,30896.0,,,,,,,,-968812.0,,,,,-368274.0,,396000.0,,,,,,,9800.0,,396000.0,,165536.0,,,45128827.0,,
2015-03-31,2015-05-20,10-Q,U.S. LITHIUM CORP.,LITH,CIK0001396054,USD,,69190.0,3869.0,,,555792.0,,,,,,3054.0,,3054.0,3054.0,2798.0,0.001,100000000.0,45612559.0,45612559.0,45612.0,,,,,,,,,,,,,,,,,,,-996605.0,,,,71799.0,15268.0,,0.0,,,,,,0.0,,,,,0.0,,,951.0,,,,0.0,,,,10356.0,6000.0,,,,,,0.0,,,,,,,398255.0,3054.0,375780.0,0.0,,7207.0,6000.0,,,,,,,9500.0,9500.0,,,-6702.0,-6702.0,-27793.0,,,,65415.0,169376.0,,,,17799.0,-17799.0,,,,-9994.0,,866.0,,,,,0.001,10000000.0,,,0.0,,,,0.0,9500.0,,,,10848.0,,,,,,,,,0.0,,,,-395201.0,,,,,,,,,0.0,,,,,,,45612559.0,,
2015-06-30,2015-08-14,10-Q,U.S. LITHIUM CORP.,LITH,CIK0001396054,USD,,68865.0,,,,717681.0,,,,,,389.0,,,389.0,,0.001,100000000.0,90512559.0,90512559.0,90512.0,,,,,,,,,,,,,,,,,,,,,,,77799.0,9500.0,,0.0,,,,,,,,18000.0,,,,,,3929.0,,,,,,,,,,,,,,,,,,,,,,206651.0,389.0,197151.0,,,,6000.0,,,,,,,,,,,,,-17850.0,,-273.0,,50487.0,,,,,17577.0,-17577.0,,,,,,,,,,,0.001,10000000.0,,,,,,,,,,,,7648.0,,,,,,,,-1014455.0,,,,,-206262.0,,,,,,,,,,,,,,,,76203768.0,,
2015-09-30,2015-11-16,10-Q,U.S. LITHIUM CORP.,LITH,CIK0001396054,USD,,62464.0,,,,742681.0,,,,,,10325.0,,,10325.0,,0.001,500000000.0,90512559.0,90512559.0,90512.0,,,,,,,,,,,,,,,,,,,,,,,83964.0,9500.0,,0.0,,,,,,,,,,,,,,1138.0,,,,,,,,,,,,,,,,,,,-2127.0,,,207029.0,10325.0,197529.0,,,,6000.0,,,,,,,,,,,,,-15442.0,,-2127.0,,51101.0,,,,,13315.0,-13315.0,,,,,,,,,,,0.001,10000000.0,,,,,,,,,,,,6177.0,,,,,,,,-1029897.0,,,,,-196704.0,,,,,,,,,,,,,,,,90512559.0,,
2015-12-31,2016-04-08,10-K,U.S. LITHIUM CORP.,LITH,CIK0001396054,USD,,67779.0,26225.0,,,742681.0,742681.0,25000.0,25000.0,,,1389.0,1389.0,,1389.0,1133.0,0.001,500000000.0,90512559.0,90512559.0,90512.0,,19027.0,,,,,,,,,,,18269.0,,,344380.0,344380.0,,,,,,84464.0,9500.0,,,,0.34,,,,,,18000.0,,,,,,7694.0,,,,,,,,20775.0,18665.0,,,,,,,,,,,,,219195.0,1389.0,209695.0,,134500.0,,24000.0,,,,,,,,34500.0,,,,-33367.0,-82187.0,,-20835.0,90000.0,57452.0,,,,,61352.0,-61352.0,1012882.0,,,,,1155.0,,,,,0.001,10000000.0,0.0,0.0,,,,,25000.0,9500.0,,,,29658.0,,,,,,,,-1050999.0,,,,,-217806.0,,,,,,,,,,,,,19027.0,,,75750915.0,,
2016-03-31,2016-05-20,10-Q,U.S. LITHIUM CORP.,LITH,CIK0001396054,USD,,80097.0,6283.0,,,742681.0,,,,,,83.0,,,83.0,-1306.0,0.001,500000000.0,90512559.0,90512559.0,90512.0,,,,,,,,,,,,,,,,,,,,,,,89464.0,,,,,,,,,,,,,,,,,3450.0,,,,,,,,12318.0,5000.0,,,,,,,,,,,,,242796.0,83.0,242796.0,,,,6000.0,,,,,,,,,,,,-1306.0,-24907.0,,,,63735.0,9500.0,,,,16558.0,-16558.0,,,,,,,,,,,0.001,10000000.0,0.0,0.0,,,,,,,,,,7108.0,,,,,,,,-1075906.0,,,,,-242713.0,,,,,,,,,,,,,,,,90512559.0,,
2016-06-30,2016-08-15,10-Q,U.S. LITHIUM CORP.,LITH,CIK0001396054,USD,,67561.0,,,,857481.0,,,,,,56660.0,43160.0,,22327.0,,0.001,500000000.0,90712559.0,90712559.0,90712.0,,,,,,,,,,,,,,,,,,,,,,,83864.0,,,,,,,,,,,,,,,,,11160.0,,,,,,,,,,,,,,,,,,,,,,247292.0,56660.0,247292.0,,,,6000.0,,,,,,,,,,,,,-62919.0,,-26335.0,,86367.0,9500.0,,,,36584.0,-36584.0,,,,,,,,,,,0.001,10000000.0,0.0,0.0,,20833.0,,,,,,,,10257.0,,,,,,,,-1138825.0,,,,,-190632.0,,,,,,,,,,,,,,,,90653218.0,,
2016-09-30,2016-11-14,10-Q,U.S. LITHIUM CORP.,LITH,CIK0001396054,USD,,78851.0,,,,,857481.0,,,,,35168.0,20723.0,,4525.0,,0.001,500000000.0,90712559.0,90712559.0,90712.0,,,,,,,,,,,,,62151.0,,,,,,,,,,74864.0,,,0.0,,,,,,,,,,,,,,2261.0,,,,,,,,,,,,,,,,,,,-36939.0,,,281785.0,35168.0,281785.0,,,,6000.0,,,,,14445.0,,,,,,,,-55985.0,,-36939.0,,118570.0,9500.0,,,,19046.0,-19046.0,,,,,,,,,,,0.001,10000000.0,0.0,0.0,,16188.0,,,,,,,,4815.0,,,,,,,,-1194810.0,,,,,-246617.0,,,,,,,,,,,,,,,,90712559.0,,
2016-12-31,2017-04-14,10-K,U.S. LITHIUM CORP.,LITH,CIK0001396054,USD,,82960.0,89965.0,,,,879499.0,127018.0,,,,31422.0,16977.0,,7540.0,6151.0,0.001,500000000.0,90712559.0,90712559.0,90712.0,,40646.0,,,,,,,,,,,55322.0,,0.0,385026.0,385026.0,,,,,,68864.0,,,0.0,,0.34,,,,,,,,,,,,24454.0,,0.0,0.0,,-40646.0,,40646.0,15181.0,-15600.0,9437.0,,,,0.0,,,,,,,,321723.0,31422.0,321723.0,1775.0,,,24000.0,,,,,14445.0,,,140000.0,,-4445.0,,-129404.0,-209513.0,,-105549.0,,160399.0,9500.0,,,,103964.0,-103964.0,1132430.0,,,,,,4445.0,,,,0.001,10000000.0,0.0,0.0,,9437.0,,,140000.0,,,,,27297.0,,,,,,,,-1260512.0,,,,,-290301.0,,10000.0,,,,,,,,,10000.0,,40646.0,29318961.0,,90648078.0,,
2017-03-31,2017-05-30,10-Q,U.S. LITHIUM CORP.,LITH,CIK0001396054,USD,,93750.0,31728.0,,,,1238432.0,,,,,378842.0,2797.0,,,-7540.0,0.001,500000000.0,98712559.0,98712559.0,98712.0,,,,,,,,,,,,,28927.0,,,,,,,,,,65564.0,,,,,,,,,,,,,,,,,4034.0,,,,,,,,10790.0,-3300.0,-6640.0,,,-37285.0,,,,,,,,,,378842.0,364222.0,,,,6000.0,,,,,376045.0,1.0,,8614.0,,,,-16154.0,-62012.0,,,,194794.0,9500.0,,,,24727.0,-24727.0,,,,,,,,,,,0.001,10000000.0,,,,2797.0,,,8000.0,,,,,8529.0,,,,,,,,-1322524.0,,,,,14620.0,,361600.0,,,,,,,,,,,,28113343.0,,93912559.0,,
2017-06-30,2017-08-21,10-Q,U.S. LITHIUM CORP.,LITH,CIK0001396054,USD,,101219.0,,,,,1288432.0,,,,,420943.0,11630.0,,11630.0,,0.001,500000000.0,98712559.0,98712559.0,98712.0,,,,,,,,,,,,,58788.0,,,,,,,,,,61117.0,,,0.0,,,,,,,,,,,,,,2480.0,,,,,,,,,,,,,-26141.0,,,,,,,,,,420943.0,401769.0,,,,6000.0,,,,,409313.0,,,,,,,,-45446.0,,,,229933.0,9500.0,,,,19305.0,-19305.0,,,,,,,,,,,0.001,10000000.0,,,,,,,,,,,,8427.0,,,,,,,,-1367970.0,,,,,19174.0,,,,,,,,,,,,,,,,98712559.0,,
2017-09-30,2017-11-20,10-Q,U.S. LITHIUM CORP.,LITH,CIK0001396054,USD,,112453.0,,,,,1327337.0,,,,,423780.0,5792.0,,5792.0,,0.001,500000000.0,99993386.0,99993386.0,99993.0,,,,,,,,,,,,,75720.0,,,,,,,,,,58617.0,,0.0,0.0,0.0,,,,,,,,,,,,,4720.0,,,,,,,,,,,,,-27937.0,,,,,,,,,,423780.0,413334.0,,,,,,,,,417988.0,,,,,,,,-48914.0,,,,232764.0,9500.0,,,,20977.0,-20977.0,,,,,,,,,,,0.001,10000000.0,0.0,0.0,,,,,,,,,,10257.0,,,,,,,,-1416884.0,,,,,10446.0,,,,,,,,,,,,,,,99408680.0,99408661.0,,99408680.0
2017-12-31,2018-04-17,10-K,U.S. LITHIUM CORP.,LITH,CIK0001396054,USD,,114003.0,95925.0,,,,1434258.0,87997.0,,,39217569.0,376535.0,490.0,,490.0,-7050.0,0.001,500000000.0,2499835.0,2499835.0,2500.0,,,,,,,,,,,0.001,47394.0,47393.0,,0.0,269506.0,269506.0,,,,,,55317.0,,,-0.1,,,44243.0,41323.0,,,,,,,,,,15460.0,,0.0,0.0,,115520.0,-166837.0,51317.0,32993.0,-13547.0,-9437.0,,,-121799.0,0.0,,10015.0,,,,,,,376535.0,447147.0,800.0,,,24000.0,,,,,376045.0,,115000.0,115000.0,,,-122050.0,-122050.0,-246858.0,,-121799.0,16950.0,268327.0,9500.0,,,,125059.0,-125059.0,1283363.0,,,,,,,,,,0.001,10000000.0,0.0,0.0,,,,,115000.0,,,,,31994.0,,,,,,,,-1507370.0,,,,,-70612.0,,361600.0,,,,,,16950.0,,,361600.0,,,,,2450682.0,,
2018-03-31,2018-05-23,10-Q,U.S. LITHIUM CORP.,LITH,CIK0001396054,USD,,108513.0,25607.0,,,,1414125.0,6667.0,,,35813802.0,376296.0,60251.0,,60251.0,59761.0,0.001,500000000.0,105042923.0,105042923.0,105043.0,,,,,,,,,,,0.1,28454.0,,,,,,,,,,,54317.0,,,-0.02,,,,,,,,,,,,,,2892.0,,,0.0,,,,,5253.0,-1000.0,,,,-34025.0,,0.0,10250.0,,,,,,,376296.0,414597.0,,,,6000.0,,,,,316045.0,,20000.0,20000.0,60000.0,60000.0,-20239.0,-20239.0,-50099.0,,,,242267.0,9500.0,,,,16074.0,-16074.0,,,,,,,,,,,0.001,10000000.0,,,,,,,20000.0,,,,60000.0,7182.0,,,,,,,,-1557469.0,,,,,-38301.0,,,,,,,,75743.0,,,,,,,,2626086.0,,
2018-06-30,2018-08-14,10-Q,U.S. LITHIUM CORP.,LITH,CIK0001396054,USD,,113105.0,,,,,1414125.0,,,,,592229.0,577784.0,,41138.0,,0.001,500000000.0,105042923.0,105042923.0,105043.0,,,,,,,,,,,,,10012.0,,,,,,,,,,56317.0,,,0.07,,,,,,,-17892.0,,675404.0,675404.0,,,,2663.0,,,,,,,,,,,,,-25370.0,,,,,,,,,,592229.0,439631.0,,,,6000.0,536646.0,,,-422466.0,14445.0,,,,,,,,190899.0,,,,260709.0,9500.0,,,,18777.0,-18777.0,,,,,,,,,,,0.001,10000000.0,0.0,0.0,,,,,,,,,,10114.0,,,,,,,,-1366570.0,,,,,152598.0,,,,,,,,,,,,,,,,2626086.0,,
2018-09-30,2018-11-13,10-Q,U.S. LITHIUM CORP.,LITH,CIK0001396054,USD,,118814.0,,,,,1414115.0,,,,,642134.0,627069.0,,22491.0,,0.001,500000000.0,105052923.0,105052923.0,105053.0,,,,,,,,,,,,,3474.0,,,,,,,,,,56317.0,,0.0,0.01,0.0,,,,,,9799.0,,,,,,,3178.0,,,,,,,,,,,,,-13541.0,,,,,,,,,,642134.0,451877.0,,,,6000.0,604578.0,,,58133.0,15065.0,,,,,,,,37659.0,,,,267246.0,9500.0,,,,16732.0,-16732.0,,,,,,,,,,,0.001,10000000.0,0.0,0.0,,,,,,,,,,7554.0,,,,,,,,-1328911.0,,,,,190257.0,,,,,,,,,,,,,,,142046480.0,2626073.0,,105042923.0
2018-12-31,2019-03-28,10-K,U.S. LITHIUM CORP.,LITH,CIK0001396054,USD,,131286.0,53403.0,,,,1516542.0,6667.0,,,895345.0,140006.0,124941.0,,4065.0,3575.0,0.001,500000000.0,2626086.0,2626086.0,2626.0,,,,,,,,,,,,,657.0,,,329053.0,329053.0,,,,,,54317.0,,,-0.13,,,,,,,-40147.0,,675404.0,,675404.0,,,13282.0,,,,,-59547.0,,59547.0,28026.0,-1000.0,,,,-82757.0,,,,,,,,,,140006.0,465166.0,,,,24000.0,120876.0,-843.0,843.0,-440358.0,15065.0,,20000.0,,59646.0,,-76071.0,,-336958.0,,-263215.0,,270063.0,9500.0,,,,73743.0,-73743.0,1566918.0,,,,,,,,620.0,,0.001,10000000.0,0.0,0.0,,,,,20000.0,,,266.0,60000.0,35661.0,,,0.0,,,,15065.0,-1844328.0,,,,,-325160.0,,,,,,,,75743.0,,,,,,,,2605678.0,,
2019-03-31,2019-05-20,10-Q,U.S. LITHIUM CORP.,LITH,CIK0001396054,USD,,131771.0,657.0,,,,1516542.0,,,,954667.0,219443.0,201217.0,,21573.0,17508.0,0.001,500000000.0,2626086.0,2626086.0,2626.0,,,,,,,,,,,,,,,,,,47.0,,,,,52317.0,,,0.03,,,,,,,3130.0,,,,,,,9138.0,,,0.0,,,,,485.0,-2000.0,,,,-7507.0,,0.0,,,,,,,,219443.0,464308.0,,,,6000.0,179644.0,13473.0,13473.0,97284.0,15065.0,,,,51929.0,,-34421.0,,80295.0,,,,270720.0,9500.0,,,,26085.0,-26085.0,,,,,,,,,,3208.0,0.001,10000000.0,0.0,0.0,,,,,,,,55137.0,,10900.0,,,3161.0,,,,15065.0,-1764033.0,,,,,-244865.0,,,,,,,,,,,,,,,,2626086.0,,
2019-06-30,2019-08-19,10-Q,U.S. LITHIUM CORP.,LITH,CIK0001396054,USD,,16520.0,,,,,1920815.0,,,,,112437.0,89149.0,,20984.0,,0.001,500000000.0,4709970.0,4709970.0,4710.0,,,,,,,0.095,,,,,,,,,,,296.0,,,,,40580.0,,,-0.04,,,,,,,16262.0,,,,,,,5163.0,,,,,,,,,,,,,-4645.0,,,,126136.0,,,,,,112437.0,57100.0,,,,6000.0,68165.0,-13384.0,,-82439.0,15065.0,,,,,,,,-106155.0,,,,,,,,,21949.0,-21949.0,,,,,,,,,,,,,,,,,,,,,,,,10490.0,,,8223.0,,,,15065.0,-1870188.0,,,,,55337.0,,,,,,,,406357.0,,,,,,,,2671886.0,,
2019-09-30,2019-11-19,10-Q,U.S. LITHIUM CORP.,LITH,CIK0001396054,USD,,14374.0,,,1495.0,,1920815.0,,,,,47881.0,22247.0,,14756.0,,0.001,500000000.0,4709970.0,4709970.0,4710.0,,,,,,,,,,,,,,,,,,1152.0,,,,,26580.0,,,-0.01,,,,,,,11199.0,,,,,,,6272.0,,,,,,,,,,,,,,,,,,,,,,,47881.0,40954.0,,,,6000.0,7491.0,-12502.0,,-26308.0,15065.0,,,,,,,,-48410.0,,,,,,,,,20799.0,-20799.0,,,,,,,,,,,,,,,,,,,,,,,,7375.0,,12064.0,10569.0,,,,15065.0,-1918598.0,,,,,6927.0,,,,,,,,,,,,,,,,4761728.0,,
