end,filed,form,Name,Ticker,CIK,Currency,AccountsPayableAndAccruedLiabilitiesCurrent,AccountsPayableCurrent,AccountsPayableRelatedPartiesCurrent,AccountsReceivableNet,AccumulatedDepreciationDepletionAndAmortizationPropertyPlantAndEquipment,AccumulatedDepreciationDepletionAndAmortizationPropertyPlantAndEquipmentPeriodIncreaseDecrease,AccumulatedOtherComprehensiveIncomeLossForeignCurrencyTranslationAdjustmentNetOfTax,AdditionalPaidInCapital,AdjustmentsToAdditionalPaidInCapitalOther,AdjustmentsToAdditionalPaidInCapitalShareBasedCompensationStockOptionsRequisiteServicePeriodRecognition,AdjustmentsToAdditionalPaidInCapitalSharebasedCompensationAndExerciseOfStockOptions,AdjustmentsToAdditionalPaidInCapitalStockIssuedIssuanceCosts,AdjustmentsToAdditionalPaidInCapitalStockIssuedOwnshareLendingArrangementIssuanceCosts,AllocatedShareBasedCompensationExpense,AllowanceForDoubtfulAccountsReceivablePeriodIncreaseDecrease,AmortizationOfDebtDiscountPremium,AmortizationOfIntangibleAssets,AntidilutiveSecuritiesExcludedFromComputationOfEarningsPerShareAmount,AssetImpairmentCharges,Assets,AssetsCurrent,CashAndCashEquivalentsAtCarryingValue,CashAndCashEquivalentsPeriodIncreaseDecrease,CashCashEquivalentsRestrictedCashAndRestrictedCashEquivalentsPeriodIncreaseDecreaseIncludingExchangeRateEffect,CashUninsuredAmount,CommonStockSharesAuthorized,CommonStockSharesIssued,CommonStockValue,ComprehensiveIncomeNetOfTax,ContributionOfProperty,ConvertibleNotesPayable,ConvertibleNotesPayableCurrent,CostOfGoodsAndServicesSold,CustomerAdvancesAndDeposits,DebtConversionConvertedInstrumentSharesIssued1,DebtInstrumentConvertibleBeneficialConversionFeature,DebtInstrumentUnamortizedDiscountPremiumNet,DeferredRevenue,DeferredTaxAssetsOperatingLossCarryforwards,DepositsAssetsNoncurrent,Depreciation,DueFromAffiliateCurrent,EarningsPerShareBasicAndDiluted,EffectOfExchangeRateOnCashAndCashEquivalents,FurnitureAndFixturesGross,GainLossOnDispositionOfAssets,GainsLossesOnExtinguishmentOfDebt,GeneralAndAdministrativeExpense,GrossProfit,IncomeTaxesPaidNet,IncreaseDecreaseInAccountsPayableAndAccruedLiabilities,IncreaseDecreaseInAccountsPayableRelatedParties,IncreaseDecreaseInAccountsReceivable,IncreaseDecreaseInCustomerAdvances,IncreaseDecreaseInCustomerAdvancesAndDeposits,IncreaseDecreaseInCustomerDeposits,IncreaseDecreaseInDeferredRevenue,IncreaseDecreaseInDepositOtherAssets,IncreaseDecreaseInDeposits,IncreaseDecreaseInDepositsOutstanding,IncreaseDecreaseInDueToAffiliatesCurrent,IncreaseDecreaseInDueToRelatedParties,IncreaseDecreaseInInterestPayableNet,IncreaseDecreaseInInventories,IncreaseDecreaseInNotesPayableCurrent,IncreaseDecreaseInNotesPayableRelatedPartiesCurrent,IncreaseDecreaseInPrepaidExpense,IntangibleAssetsCurrent,IntangibleAssetsNetExcludingGoodwill,InterestAndDividendsPayableCurrent,InterestIncomeExpenseNet,InterestPaid,InterestPaidNet,InterestPayableCurrent,InterestPayableCurrentAndNoncurrent,InventoryGross,InventoryNet,IssuanceOfStockAndWarrantsForServicesOrClaims,Liabilities,LiabilitiesAndStockholdersEquity,LiabilitiesCurrent,LoansPayable,LoansPayableCurrent,MachineryAndEquipmentGross,NetCashProvidedByUsedInFinancingActivities,NetCashProvidedByUsedInInvestingActivities,NetCashProvidedByUsedInOperatingActivities,NetIncomeLoss,NotesPayable,NotesPayableRelatedPartiesClassifiedCurrent,OperatingExpenses,OperatingIncomeLoss,OperatingLeaseLiabilityCurrent,OperatingLeaseLiabilityNoncurrent,OperatingLeaseRightOfUseAsset,OperatingLossCarryforwards,OperatingLossCarryforwardsValuationAllowance,OtherComprehensiveIncomeForeignCurrencyTranslationGainLossArisingDuringPeriodTax,OtherIncome,PaidInKindInterest,PaymentsToAcquireIntangibleAssets,PaymentsToAcquireOtherPropertyPlantAndEquipment,PreferredStockSharesAuthorized,PreferredStockSharesIssued,PreferredStockValue,PrepaidExpense,PrepaidExpenseAndOtherAssets,PrepaidExpenseCurrent,ProceedsFromContributedCapital,ProceedsFromContributionsFromAffiliates,ProceedsFromIssuanceOfCommonStock,ProceedsFromIssuanceOfDebt,ProceedsFromIssuanceOrSaleOfEquity,ProceedsFromLoans,ProceedsFromRelatedPartyDebt,ProfitLoss,PropertyPlantAndEquipmentGross,PropertyPlantAndEquipmentNet,PropertyPlantAndEquipmentOtherNet,RepaymentsOfDebt,RepaymentsOfNotesPayable,RestrictedStockExpense,RetainedEarningsAccumulatedDeficit,Revenues,SaleOfStockNumberOfSharesIssuedInTransaction,SalesRevenueNet,ShareBasedCompensation,ShareBasedCompensationArrangementByShareBasedPaymentAwardOptionsExercisableWeightedAverageExercisePrice,ShareBasedCompensationArrangementByShareBasedPaymentAwardOptionsExpirationsInPeriod,SharesIssuedPricePerShare,StockholdersEquity,StockIssuedDuringPeriodSharesIssuedForCash,StockIssuedDuringPeriodSharesIssuedForNoncashConsideration,StockIssuedDuringPeriodSharesIssuedForServices,StockIssuedDuringPeriodSharesNewIssues,StockIssuedDuringPeriodSharesOther,StockIssuedDuringPeriodValueConversionOfConvertibleSecuritiesNetOfAdjustments,StockIssuedDuringPeriodValueIssuedForNoncashConsiderations,StockIssuedDuringPeriodValueNewIssues,StockIssuedDuringPeriodValuePurchaseOfAssets,TemporaryEquityForeignCurrencyTranslationAdjustments,WeightedAverageNumberOfSharesOutstandingBasic
2009-03-31,2009-07-07,10-K,"AuraSource, Inc.",ARAO,CIK0001083922,USD,,,,,,,,,,,13407.0,,,,,,,,,,,,,,,,,,,,,,,,,,,,,,,,,,,,,,,,,,,,,,,,,,,,,,,,,,,,,,,,,,,,,,,,,,,,,-215864.0,,,,,,,,,,,,,,,,,,,,,,,,,,,,,,,,,,,,,,,3091.0,,,,-127994.0,,,,19476500.0,,,,257500.0,,,
2010-03-31,2010-06-29,10-K,"AuraSource, Inc.",ARAO,CIK0001083922,USD,,,,,,,,,,,56887.0,,-358018.0,,,,,,,,,1642006.0,,,,,,,,,,,,,,,,,,,,,,,,,,,,,,,,,,,,,,,,,,,,,,,,,,,,,,,,,,,,,,,,,,-2240285.0,,,,,,,,,,,,,,,,,,,,,,,,,,,,,,,,,,,,,,,1298361.0,,,,1615366.0,,,,,,,,2599837.0,,,
2010-06-30,2010-08-13,10-Q,"AuraSource, Inc.",ARAO,CIK0001083922,USD,,,,,,,,,,,,,,8333.0,,,,,,,,1305270.0,-336737.0,,,,,,,0.0,,,,,,,,,,,1939.0,,0.01,,,0.0,,316667.0,0.0,0.0,7884.0,,,,,,,,0.0,,0.0,,0.0,,,,-39457.0,,,,1231.0,0.0,,,,,,,,,,,,,0.0,0.0,-336737.0,,,,316667.0,-316667.0,,,,,,,,,0.0,0.0,,,,,,,0.0,0.0,,,,,,-315436.0,,,,0.0,,,,,,,,,,,,,,,,,,,,,,
2010-09-30,2010-11-15,10-Q,"AuraSource, Inc.",ARAO,CIK0001083922,USD,,,,,,,,,,,,,,,,,,,,,,1207878.0,,,,,,,,,,,0.0,,,,,,,,,,-0.01,,,,,387128.0,0.0,,,,,,,,,,,,,,,,,,,,,,6544.0,,,,,,,,,,,,,,,,,,,,387128.0,-387128.0,,,,,,,0.0,,,,,,,,,,,,,,,,,-380584.0,,,,,,,,,,0.0,,,,,,,,,,,,,,,,28641004.0
2010-12-31,2011-02-02,10-Q,"AuraSource, Inc.",ARAO,CIK0001083922,USD,,,,,,,,,,,,,,,,,,,,,,982251.0,,,,,,,,,,,0.0,,,,,,,,,,-0.01,,,,,283271.0,0.0,,,,,,,,,,,,,,,,,,,,,,5291.0,,,,,,,,,,,,,,,,,,,,283271.0,-283271.0,,,,,,,,,,,,,,,,,,,,,,,,-277980.0,,,,,,,,,,0.0,,,,,,,,,,,,,,,,29262190.0
2011-03-31,2011-06-30,10-K,"AuraSource, Inc.",ARAO,CIK0001083922,USD,,13522.0,,,,,,5645634.0,,0.0,88718.0,0.0,,88718.0,,,,,,1547283.0,719891.0,642247.0,-999759.0,,,150000000.0,29262190.0,29262.0,,,,,0.0,,,,,,,,5817.0,67643.0,-0.04,,,0.0,,1291783.0,0.0,0.0,-48485.0,,,,,,,,0.0,,-67643.0,0.0,0.0,,,,-5708.0,,753530.0,,15459.0,0.0,,,,,,,,1547283.0,13522.0,,,,500000.0,-196134.0,-1303625.0,-1276324.0,,,1291783.0,-1291783.0,,,,,,,,,147530.0,48604.0,10000.0,0.0,,10001.0,10001.0,,0.0,,500000.0,0.0,,,,-1276324.0,,73862.0,,0.0,,,-4141135.0,,,0.0,,,,,1533761.0,,,,,,,,1106000.0,,,28947669.0
2011-06-30,2011-08-15,10-Q,"AuraSource, Inc.",ARAO,CIK0001083922,USD,,16329.0,,,,,,6713930.0,,52000.0,17350.0,,,17350.0,,,,,,2296175.0,1411844.0,1257929.0,615682.0,,,150000000.0,31362190.0,31362.0,,,,,0.0,,,,,,,,1939.0,138540.0,-0.01,,,0.0,,332919.0,0.0,0.0,-5593.0,8400.0,,,,,,,0.0,,-70897.0,,0.0,,,,-5374.0,,753530.0,,8608.0,0.0,,,,,,,,2296175.0,16329.0,,,,1001046.0,-58878.0,-326486.0,-324311.0,,,332919.0,-332919.0,,,,,,,,,0.0,58878.0,10000.0,0.0,,15375.0,,,0.0,0.0,1001046.0,0.0,,,,-324311.0,,130801.0,,0.0,,,-4465446.0,,,0.0,9018.0,,,,2279846.0,,,,,,,,1001046.0,,,30343509.0
2011-09-30,2011-11-18,10-Q,"AuraSource, Inc.",ARAO,CIK0001083922,USD,,12598.0,,,,,,6916963.0,,,,,,,,,,180000.0,,2014647.0,1056156.0,932734.0,,,,150000000.0,31662190.0,31662.0,,,,,0.0,,,,,,,,,111122.0,-0.02,,,,,493356.0,0.0,,,,,,,,,,,,,,,,,,,,759652.0,,12226.0,,,,,,,,,2014647.0,12598.0,,,,,,,,,,493356.0,-493356.0,,,,,,,0.0,,,,10000.0,0.0,,,12300.0,,,,,,,,,-481130.0,,198839.0,,,,,-4946576.0,,,0.0,195000.0,,,,2002049.0,,,,,,,,,,,31476320.0
2011-12-31,2012-02-15,10-Q,"AuraSource, Inc.",ARAO,CIK0001083922,USD,,50702.0,,,,,,6943330.0,,,,,,,,,,,,1797719.0,808683.0,686256.0,,,,150000000.0,31662190.0,31662.0,,,,,0.0,,,,,,,,,109952.0,-0.01,,,,,293764.0,0.0,,,,,,,,,,,,,,,,,,,,759651.0,,12365.0,,,,,,,,,1797719.0,50702.0,,,,,,,,,,293764.0,-293764.0,,,,,,,,,,,10000.0,0.0,,,12475.0,,,,,,,,,-281399.0,,229385.0,,,,,-5227975.0,,,0.0,,,,,1747017.0,,,,,,,,,,,31662190.0
2012-03-31,2012-06-29,10-K,"AuraSource, Inc.",ARAO,CIK0001083922,USD,,18634.0,151600.0,,,,,6961350.0,68720.0,247000.0,17350.0,0.0,,86070.0,,,,3030000.0,,1645605.0,470599.0,404331.0,-237916.0,,,150000000.0,47662190.0,47662.0,,,,,0.0,0.0,,,,0.0,,,24219.0,63193.0,-0.04,,,0.0,,1431385.0,0.0,0.0,156712.0,0.0,,,,,0.0,,0.0,0.0,4449.0,0.0,0.0,,,,6926.0,,759651.0,,38879.0,0.0,,,,,,,,1645605.0,170234.0,,,,1001046.0,-371832.0,-867130.0,-1392506.0,0.0,,1431385.0,-1431385.0,,,,,,,,0.0,6121.0,365711.0,10000.0,0.0,,,3075.0,,0.0,,1001046.0,0.0,,0.0,,-1392506.0,,415355.0,,0.0,,,-5533641.0,,,0.0,247000.0,0.37,,,1475371.0,,,,,,,,,,,33254813.0
2012-06-30,2012-08-14,10-Q,"AuraSource, Inc.",ARAO,CIK0001083922,USD,,17332.0,220544.0,,,7369.0,,7177585.0,,13200.0,,,,3595.0,,,0.0,3090000.0,,1587985.0,420348.0,328459.0,-75872.0,,167000.0,150000000.0,48222190.0,48222.0,,0.0,,,0.0,,,,,,,,7369.0,81889.0,-0.01,,,0.0,,338284.0,0.0,0.0,-1302.0,68944.0,,,,,0.0,-6925.0,0.0,,-18696.0,,0.0,50000.0,,0.0,-6925.0,,759651.0,,-3773.0,0.0,,,,,,60000.0,,1587985.0,237876.0,,,,200000.0,0.0,-275872.0,,,,338284.0,-338284.0,,,,,,,,,0.0,0.0,10000.0,0.0,,,10000.0,,0.0,,200000.0,0.0,,,,-342057.0,,407986.0,,,,,-5875698.0,,,0.0,3595.0,0.37,,,1350109.0,,,,,,,0.0,,606000.0,,47839553.0
2012-09-30,2012-11-13,10-Q,"AuraSource, Inc.",ARAO,CIK0001083922,USD,,34119.0,313645.0,,,,,7226067.0,,,,,,,,,0.0,,,1917337.0,723769.0,231482.0,,,78467.0,150000000.0,48334690.0,48335.0,,,,,0.0,500000.0,,,,,,,7369.0,82287.0,-0.01,,,,,327037.0,0.0,,,,,,,,,,,,,,,,,,,,790244.0,,-2095.0,,,,,,,,,1917337.0,847764.0,,,,,,,,,,327037.0,-327037.0,,,,,,,,,,,10000.0,0.0,,,410000.0,,,,,,,,,-329132.0,,403324.0,,,,,-6204829.0,,,0.0,,0.37,,,1069573.0,,,,,,,,,,,48222190.0
2012-12-31,2013-02-20,10-Q,"AuraSource, Inc.",ARAO,CIK0001083922,USD,,3117.0,339543.0,,,,,7226067.0,,,,,,,,,0.0,3090000.0,,2176464.0,990512.0,445049.0,,,129274.0,150000000.0,48334690.0,48335.0,,,,,0.0,570000.0,,,,,,,7616.0,85463.0,-0.01,,,,,305768.0,0.0,,,,,,,,,,,,,,,,,,,,790244.0,,0.0,,,,,,,,,2176464.0,1412660.0,,,,,,,,500000.0,,305768.0,-305768.0,,,,,,,,,,,10000.0,0.0,,,460000.0,,,,,,,,,-305768.0,,395708.0,,,,,-6510598.0,,,0.0,,0.37,,,763804.0,,,,,,,,,,,48334690.0
2013-03-31,2013-07-01,10-K,"AuraSource, Inc.",ARAO,CIK0001083922,USD,28234.0,98234.0,412615.0,0.0,95758.0,71175.0,,8493178.0,,1275188.0,14380.0,,,14380.0,,0.0,,3090000.0,,2025311.0,761180.0,75508.0,-328823.0,,,150000000.0,50401940.0,50402.0,,,0.0,,0.0,500000.0,,,,63754.0,,,59511.0,54418.0,-0.05,,2954.0,0.0,0.0,1282648.0,0.0,0.0,-142000.0,0.0,0.0,500000.0,,,63754.0,-558179.0,570000.0,0.0,8775.0,412615.0,0.0,0.0,,,-628179.0,,818427.0,,-1276583.0,0.0,,10000.0,,10000.0,10000.0,60000.0,,2025311.0,1574603.0,0.0,0.0,391118.0,1157615.0,-160300.0,-1326138.0,-2559231.0,500000.0,,1282648.0,-1282648.0,,,,2469278.0,-2469278.0,,,1261988.0,70440.0,89860.0,10000.0,0.0,,,631254.0,0.0,0.0,,245000.0,500000.0,245000.0,0.0,412615.0,-2559231.0,541462.0,445704.0,147390.0,,0.0,1261988.0,-8092872.0,,,0.0,,0.37,,0.4,450708.0,612500.0,1250000.0,817250.0,,,,0.0,1506988.0,,,48610830.0
2013-06-30,2013-08-13,10-Q,"AuraSource, Inc.",ARAO,CIK0001083922,USD,64798.0,64798.0,511735.0,,135966.0,64730.0,,9294814.0,,259583.0,,,,3462.0,,,32593.0,3150000.0,,1981826.0,761580.0,80590.0,5082.0,,,150000000.0,52089940.0,52090.0,,0.0,35478.0,63000.0,9105.0,,,40279.0,27522.0,133754.0,,,40209.0,55241.0,-0.01,,2954.0,0.0,,404849.0,-502.0,0.0,36564.0,99120.0,0.0,,,,0.0,5505.0,,,-823.0,,108382.0,0.0,,63102.0,,,814750.0,,-284104.0,0.0,,21229.0,,,,60000.0,,1981826.0,1417249.0,108382.0,63102.0,391118.0,234484.0,-8088.0,-221314.0,,500000.0,,404849.0,-405351.0,,,,,,,,,8088.0,0.0,10000.0,0.0,,,625749.0,6790.0,0.0,,0.0,171382.0,,,63102.0,-689455.0,541462.0,405496.0,147390.0,,0.0,,-8782327.0,,,8603.0,,0.37,,,564577.0,,437963.0,,,,,500000.0,,0.0,,50828568.0
2013-09-30,2013-11-14,10-Q,"AuraSource, Inc.",ARAO,CIK0001083922,USD,77668.0,77668.0,603503.0,,176175.0,,,9339514.0,,,,,,,,,11765.0,,,1873452.0,705181.0,54880.0,,,,150000000.0,52089940.0,52090.0,,,55299.0,127000.0,63754.0,70000.0,,,71701.0,0.0,,,40208.0,55612.0,-0.01,,2954.0,,,287754.0,32462.0,,,,,,,,,,,,,,,32580.0,,,,,802984.0,,-34844.0,,,30797.0,30000.0,,42580.0,,,1873452.0,1554311.0,152125.0,95716.0,391118.0,,,,,500000.0,,287754.0,-255292.0,,,,,,,,,,,10000.0,0.0,,,552109.0,6904.0,,,,,,,,-290136.0,541462.0,365287.0,147390.0,,,,-9072463.0,,,96216.0,,0.37,,,319141.0,,,,,,,,,,,50828568.0
2013-12-31,2014-02-14,10-Q,"AuraSource, Inc.",ARAO,CIK0001083922,USD,,42442.0,700596.0,,216384.0,,,9342975.0,,,,,,,,,11765.0,,,1775513.0,659216.0,18719.0,,,,150000000.0,52089940.0,52090.0,,,94202.0,127500.0,0.0,70000.0,,,36666.0,0.0,,,40208.0,55808.0,-0.01,,2954.0,,,233437.0,0.0,,,,,,,,,,,,,,,32580.0,,,,,791219.0,3368.0,-52093.0,,,,40000.0,,42580.0,,,1775513.0,1738441.0,195485.0,95716.0,391118.0,,,,,540000.0,,233437.0,-233437.0,,,,,,,,,,,10000.0,0.0,,,542109.0,6904.0,,,,,,,,-285530.0,541462.0,325078.0,147390.0,,,,-9357993.0,,,0.0,,0.37,,,37072.0,,,,,,,,,,,52089903.0
2014-03-31,2014-07-03,10-K,"AuraSource, Inc.",ARAO,CIK0001083922,USD,,375562.0,1147446.0,250000.0,258652.0,207911.0,,11141229.0,133333.0,1464866.0,77538.0,,,77538.0,0.0,47511.0,47076.0,3350000.0,,1911252.0,845801.0,11112.0,-64396.0,,,150000000.0,58404734.0,58404.0,,,35861.0,83500.0,222189.0,0.0,437963.0,104123.0,48849.0,0.0,10941250.0,,160835.0,0.0,-0.05,,5013.0,,62500.0,1539920.0,232631.0,0.0,277328.0,,-250000.0,0.0,0.0,500000.0,-63755.0,79145.0,,,54418.0,,50000.0,-32580.0,0.0,,,9231.0,780582.0,1210.0,-1541089.0,2361.0,,,60000.0,42580.0,0.0,260000.0,,1911252.0,1652869.0,44000.0,0.0,391118.0,818331.0,-9231.0,-873496.0,-2848378.0,94000.0,,1539920.0,-1307289.0,,,,3972768.0,-3972768.0,,,,9231.0,0.0,10000.0,0.0,0.0,,584689.0,6904.0,,,0.0,274000.0,,,734831.0,-2848378.0,543521.0,284869.0,147390.0,,190500.0,,-10941250.0,,1250000.0,454820.0,175000.0,0.36,,,258383.0,1250000.0,437963.0,,,,-500000.0,-500000.0,1726013.0,-500000.0,,52077920.0
2014-06-30,2014-08-14,10-Q,"AuraSource, Inc.",ARAO,CIK0001083922,USD,,340995.0,1221593.0,120000.0,298861.0,51989.0,,11399938.0,,0.0,,,,96543.0,0.0,,47076.0,,,1805020.0,791558.0,90869.0,79757.0,,,150000000.0,58424734.0,58424.0,,,106516.0,83500.0,16500.0,,,,,,,,40209.0,,-0.01,,5013.0,,0.0,388215.0,28500.0,0.0,51088.0,0.0,130000.0,,0.0,,0.0,4000.0,,,0.0,,0.0,0.0,0.0,,,,768802.0,23016.0,-81481.0,5000.0,,,60000.0,42580.0,0.0,260000.0,,1805020.0,1729104.0,,,391118.0,187333.0,0.0,-107576.0,,60000.0,,388215.0,-359715.0,,,,,,,,,0.0,0.0,10000.0,0.0,,,580689.0,6904.0,,,162186.0,0.0,162186.0,,74147.0,-441196.0,543521.0,244660.0,147390.0,,49000.0,,-11382446.0,,,45000.0,,0.36,,,75916.0,20000.0,,,,,,0.0,,,,58410448.0
2014-09-30,2014-11-14,10-Q,"AuraSource, Inc.",ARAO,CIK0001083922,USD,,342696.0,1295558.0,200000.0,337302.0,,,11668525.0,,,,,,,,,11780.0,,,2172519.0,1209278.0,301839.0,,,,150000000.0,58424734.0,58424.0,,,0.0,0.0,0.0,450000.0,,,,80000.0,,,38441.0,,-0.01,,5013.0,,,398009.0,0.0,,,,,,,,,,,,,,,,,,,,757022.0,0.0,-2140.0,,,,60000.0,42580.0,,,,2172519.0,2228254.0,,,391118.0,,,,,60000.0,,398009.0,-398009.0,,,,,,,,,,,10000.0,0.0,,,707439.0,6904.0,,,,,,,,-400149.0,543521.0,206219.0,147390.0,,,,-11782684.0,,,0.0,,0.35,,,-55735.0,,,,,,,,,,,58424734.0
2014-12-31,2015-02-13,10-Q,"AuraSource, Inc.",ARAO,CIK0001083922,USD,,480705.0,1364322.0,140000.0,375744.0,,,11685552.0,,,,,,,,,11780.0,,,1684116.0,771096.0,48444.0,,,,150000000.0,58424734.0,58424.0,,,0.0,0.0,385069.0,5832.0,,,,37500.0,,,38441.0,,-0.01,,5013.0,,,323872.0,101599.0,,,,,,,,,,,,,,,,,,,,745243.0,0.0,-3262.0,,,,60000.0,42580.0,,,,1684116.0,1948359.0,,,391118.0,,,,,60000.0,,323872.0,-222273.0,,,,,,,,,,,10000.0,0.0,,,582652.0,6904.0,,,,,,,,-225535.0,543521.0,167777.0,147390.0,,,,-12008219.0,,,486668.0,,0.35,,,-264243.0,,,,,,,,,,,58424734.0
2015-03-31,2015-06-29,10-K,"AuraSource, Inc.",ARAO,CIK0001083922,USD,,334778.0,1508955.0,0.0,414185.0,202652.0,0.0,11753473.0,,0.0,,,,251662.0,150000.0,0.0,23620.0,,,1399546.0,536747.0,9784.0,-1328.0,,,150000000.0,60206655.0,60206.0,1454906.0,,0.0,0.0,444149.0,5832.0,,0.0,0.0,,12396156.0,,155533.0,,-0.02,0.0,5013.0,,,1431572.0,75019.0,0.0,-40784.0,0.0,100000.0,,5832.0,,0.0,165145.0,,,0.0,,116740.0,42580.0,0.0,,,9231.0,733463.0,0.0,-98353.0,2361.0,2361.0,,132458.0,0.0,,860000.0,,1399546.0,1982023.0,63357.0,,391118.0,609751.0,0.0,-611079.0,251662.0,132458.0,,1431572.0,-1356553.0,,,,4501044.0,-4501044.0,0.0,,,0.0,0.0,10000.0,0.0,0.0,,526963.0,0.0,,,362384.0,63357.0,362384.0,,361510.0,-1454906.0,543521.0,129336.0,147390.0,,177500.0,,-12396156.0,,1801920.0,519168.0,,0.36,,,-582477.0,,,,,,0.0,,362384.0,,,58420006.0
2015-06-30,2015-08-10,10-Q,"AuraSource, Inc.",ARAO,CIK0001083922,USD,,351381.0,1697737.0,0.0,452627.0,50223.0,,11834099.0,,0.0,,,,80626.0,0.0,,11780.0,,,1350202.0,537625.0,10662.0,878.0,,,150000000.0,60206655.0,60206.0,336305.0,,,,0.0,5832.0,0.0,,,,,,38441.0,,-0.01,0.0,5013.0,,0.0,334533.0,0.0,0.0,17552.0,109498.0,0.0,,0.0,,0.0,0.0,,,,,0.0,0.0,0.0,,,0.0,721683.0,,-1772.0,0.0,0.0,,69101.0,0.0,,240000.0,,1350202.0,2188358.0,,,391118.0,79284.0,0.0,-78406.0,,133408.0,,334533.0,-334533.0,,,,,,0.0,,,0.0,0.0,10000.0,0.0,0.0,,526963.0,0.0,,,0.0,0.0,,,79284.0,-336305.0,543521.0,90894.0,147390.0,,0.0,,-12732461.0,,,0.0,,0.34,,,-838156.0,,,,,,,,,,,60206654.0
2015-12-31,2016-01-20,10-Q,"AuraSource, Inc.",ARAO,CIK0001083922,USD,,316047.0,2069902.0,0.0,529018.0,,,11941626.0,,,,,,,,,,,,1252800.0,530833.0,3870.0,,,,150000000.0,60206655.0,60206.0,-229078.0,,,,0.0,5832.0,,,,,,,38195.0,,0.0,,5013.0,,,260517.0,0.0,,,,,,,,,,,,,,,,,,,0.0,707464.0,,31439.0,,,,69101.0,0.0,,,,1252800.0,2527090.0,,,391118.0,,,,,135309.0,,260517.0,-260517.0,,,,,,0.0,,,,,10000.0,0.0,0.0,,526963.0,0.0,,,,,,,,-229078.0,543521.0,14503.0,147390.0,,,,-13276122.0,,,0.0,,0.34,,,-1274290.0,,,,,,,,,,,60206654.0
2016-03-31,2017-10-02,10-K,"AuraSource, Inc.",ARAO,CIK0001083922,USD,,171016.0,2376137.0,0.0,537919.0,158579.0,30473.0,12048024.0,294551.0,,294551.0,,,294551.0,,,47358.0,,,1234733.0,530513.0,3550.0,-6234.0,,,150000000.0,60206655.0,60206.0,1167953.0,,,,0.0,0.0,0.0,,,,,,123734.0,,-0.02,30473.0,5013.0,,,1177998.0,0.0,0.0,-163763.0,0.0,0.0,,-5832.0,,0.0,0.0,,,,,11001.0,0.0,0.0,,,9231.0,698618.0,,-20428.0,,0.0,,143459.0,0.0,,840000.0,,1234733.0,2690612.0,,,391118.0,867183.0,0.0,-903890.0,-1198426.0,143459.0,0.0,1177998.0,-1177998.0,,,,,,30473.0,,,0.0,0.0,10000.0,0.0,0.0,,526963.0,0.0,,,0.0,0.0,,,867183.0,-1198426.0,543521.0,5602.0,147390.0,,0.0,,-13594582.0,,,0.0,,0.35,,,-1455879.0,,,,,,,,,,30473.0,60206654.0
2016-06-30,2017-10-02,10-Q,"AuraSource, Inc.",ARAO,CIK0001083922,USD,,150067.0,601047.0,0.0,537919.0,17500.0,40095.0,12298229.0,,,,,,35588.0,,,11898.0,,,1222211.0,535491.0,8528.0,4978.0,,,150000000.0,61978639.0,61977.0,481964.0,,,,0.0,,18750.0,,,,,,5602.0,,-0.01,9622.0,5013.0,,,449925.0,0.0,0.0,-20949.0,235232.0,0.0,,0.0,,0.0,0.0,,,,,3183.0,0.0,0.0,,,0.0,686720.0,,-41661.0,,0.0,,146642.0,0.0,,240000.0,,1222211.0,2908078.0,,,391118.0,0.0,0.0,-4644.0,,146642.0,2010322.0,449925.0,-449925.0,,,,,,9622.0,,,0.0,0.0,10000.0,0.0,0.0,,526963.0,0.0,,,0.0,0.0,,,0.0,-491586.0,543521.0,0.0,147390.0,,0.0,,-14086168.0,,,0.0,,0.32,,,-1685867.0,,,,,,,,,,,61411918.0
2016-09-30,2017-10-02,10-Q,"AuraSource, Inc.",ARAO,CIK0001083922,USD,,128404.0,734726.0,0.0,543521.0,,41510.0,12326839.0,,,,,,,,,,,,1211690.0,535953.0,8990.0,,,,150000000.0,61978639.0,61977.0,-204630.0,,,,0.0,,,,,,,,,,-0.01,,5013.0,,,152537.0,0.0,,,,,,,,,,,,,,,,,,,0.0,675737.0,,-53508.0,,,,149891.0,0.0,,,,1211690.0,3073577.0,,,391118.0,,,,,149891.0,2060556.0,152537.0,-152537.0,,,,,,-1415.0,,,,,10000.0,0.0,0.0,,526963.0,0.0,,,,,,,,-206045.0,543521.0,0.0,147390.0,,,,-14292213.0,,,0.0,,0.32,,,-1861887.0,,,,,,,,,,,61978639.0
2016-12-31,2017-10-02,10-Q,"AuraSource, Inc.",ARAO,CIK0001083922,USD,,120754.0,860219.0,0.0,543521.0,,57712.0,12366457.0,,,,,,,,,,,,1215597.0,551758.0,24796.0,,,,150000000.0,62978639.0,62977.0,-209361.0,,,,0.0,,,,,,,,,,0.0,,5013.0,,,170722.0,0.0,,,,,,,,,,,,,,,,,,,0.0,663839.0,,-54841.0,,,,153209.0,0.0,,,,1215597.0,3246227.0,,,391118.0,,,,,153209.0,2112045.0,170722.0,-170722.0,,,,,,-16202.0,,,,,10000.0,0.0,0.0,,526962.0,0.0,,,,,,,,-225563.0,543521.0,0.0,147390.0,,,,-14517776.0,,,0.0,,0.32,,,-2030630.0,,,,,,,,,,,62217769.0
2017-03-31,2017-10-02,10-K,"AuraSource, Inc.",ARAO,CIK0001083922,USD,,147271.0,970642.0,0.0,543521.0,53194.0,54645.0,12470434.0,,,82236.0,,,82236.0,,,11898.0,,0.0,1256409.0,604468.0,88423.0,84873.0,,,150000000.0,66311972.0,66310.0,-1125085.0,,,,0.0,0.0,18750.0,,,,,,0.0,,-0.02,24172.0,5013.0,,,973536.0,0.0,0.0,-23745.0,759326.0,0.0,,0.0,,0.0,10918.0,,,,,13139.0,0.0,0.0,,,9231.0,651941.0,,-206194.0,,0.0,,156598.0,0.0,,840000.0,,1256409.0,3439332.0,,,391118.0,129890.0,-915.0,-68274.0,-1179730.0,156598.0,2164821.0,973536.0,-973536.0,,,,,,-54645.0,,,915.0,0.0,10000.0,0.0,0.0,,516045.0,0.0,,,129890.0,0.0,,,0.0,-1179730.0,543521.0,0.0,147390.0,,0.0,,-14774312.0,,,0.0,,0.32,,,-2182923.0,,,,,,,,346278.0,,24172.0,62344196.0
2017-06-30,2017-10-02,10-Q,"AuraSource, Inc.",ARAO,CIK0001083922,USD,,144553.0,1080140.0,0.0,543521.0,11898.0,48414.0,12485478.0,,,,,,15044.0,,,11898.0,,0.0,1193301.0,553258.0,37213.0,-51210.0,,,150000000.0,66311972.0,66310.0,-242490.0,,,,0.0,0.0,0.0,,,,,,0.0,,0.0,-6231.0,5013.0,,,178696.0,0.0,0.0,-2718.0,163593.0,0.0,,0.0,,0.0,0.0,,,,,3463.0,0.0,0.0,,,0.0,640043.0,,-57563.0,,0.0,,160061.0,0.0,,240000.0,,1193301.0,3603670.0,,,391118.0,0.0,0.0,-44979.0,,160061.0,2218916.0,178696.0,-178696.0,,,,,,6231.0,,,0.0,0.0,10000.0,0.0,0.0,,516045.0,0.0,,,0.0,0.0,,,0.0,-236259.0,543521.0,0.0,147390.0,,0.0,,-15010571.0,,,0.0,,0.32,,,-2410369.0,,,,,,,,,,,66311972.0
2017-09-30,2017-11-08,10-Q,"AuraSource, Inc.",ARAO,CIK0001083922,USD,,144529.0,1206292.0,0.0,543521.0,,35069.0,12536475.0,,,,,,,,,,,,1176374.0,548229.0,32184.0,,,,150000000.0,67311972.0,67310.0,-254039.0,,,,0.0,0.0,,,,,,,,,0.0,,5013.0,,,181708.0,0.0,,,,,,,,,,,,,,,,,,,0.0,628145.0,,-58985.0,,,,160061.0,0.0,,,,1176374.0,3788784.0,,,391118.0,,,,,163599.0,2274364.0,181708.0,-181708.0,,,,,,13346.0,,,,,10000.0,0.0,0.0,,516045.0,0.0,,,,,,,,-240693.0,543521.0,0.0,147390.0,,,,-15251264.0,0.0,,0.0,,0.32,,,-2612410.0,,,,,,,,,,,66605450.0
2017-12-31,2018-02-05,10-Q,"AuraSource, Inc.",ARAO,CIK0001083922,USD,,149786.0,1315790.0,0.0,543521.0,,29812.0,12594633.0,,,,,,,,,,,,1217331.0,601084.0,85039.0,,,,150000000.0,68154830.0,68153.0,-228547.0,,,,0.0,35300.0,,,,,,,,,0.0,,5013.0,,,162841.0,0.0,,,,,,,,,,,,,,,,,,,0.0,616247.0,,-60450.0,,,,167214.0,0.0,,,,1217331.0,3999288.0,,,391118.0,,,,,167214.0,2331198.0,162841.0,-162841.0,,,,,,5256.0,,,,,10000.0,0.0,0.0,,516045.0,0.0,,,,,,,,-223291.0,543521.0,0.0,147390.0,,,,-15474555.0,0.0,,0.0,,0.32,,,-2781957.0,,,,,,,,,,,67460730.0
2018-03-31,2018-07-03,10-K,"AuraSource, Inc.",ARAO,CIK0001083922,USD,,187434.0,1358454.0,11244.0,543521.0,48038.0,12742.0,13296668.0,,,59040.0,,,59040.0,,,11898.0,,603903.0,775761.0,775761.0,248472.0,160049.0,,,150000000.0,78381476.0,78381.0,-1585081.0,,,,0.0,0.0,0.0,,,,,,48038.0,,-0.02,-41903.0,5013.0,,,1314708.0,0.0,0.0,40163.0,606868.0,-11244.0,,0.0,,0.0,0.0,,,,,14312.0,0.0,0.0,,,0.0,0.0,,-228470.0,,0.0,,170910.0,0.0,,840000.0,,775761.0,3705460.0,,,391118.0,384050.0,0.0,-182098.0,-1543178.0,170910.0,1988662.0,1314708.0,-1314708.0,,,,,,41903.0,,,0.0,0.0,10000.0,0.0,0.0,,516045.0,0.0,,,384050.0,0.0,,,0.0,-1543178.0,543521.0,0.0,147390.0,,0.0,,-16317490.0,0.0,,0.0,,0.32,,,-2929699.0,,,,,,,,384050.0,,-41903.0,68510632.0
2018-06-30,2018-08-14,10-Q,"AuraSource, Inc.",ARAO,CIK0001083922,USD,,149328.0,1243557.0,15461.0,543521.0,0.0,36609.0,13339059.0,,,26392.0,,,26392.0,,,,,0.0,509893.0,509893.0,131354.0,-117116.0,,,150000000.0,62381476.0,62381.0,-187749.0,,,,0.0,0.0,,,,,,,0.0,,0.0,23868.0,5013.0,,,172545.0,0.0,0.0,0.0,-103288.0,-4216.0,,0.0,,0.0,152967.0,,,,,3778.0,0.0,0.0,,,,,,-39072.0,,0.0,,170910.0,,,240000.0,,509893.0,3600950.0,,,391118.0,-5000.0,0.0,-135984.0,-211617.0,169687.0,2038378.0,172545.0,-172545.0,,,,,,-23868.0,,,0.0,0.0,10000.0,0.0,0.0,,363078.0,,,,0.0,0.0,,,0.0,-211617.0,543521.0,0.0,147390.0,,5000.0,,-16529106.0,0.0,,0.0,,0.33,2850000.0,,-3091057.0,,,,,,,,0.0,,23868.0,76447410.0
2018-09-30,2018-11-14,10-Q,"AuraSource, Inc.",ARAO,CIK0001083922,USD,,132822.0,1253056.0,15461.0,543521.0,,53106.0,13460129.0,,,,,,,,,,,,463525.0,463525.0,84986.0,,,,150000000.0,62901476.0,62901.0,-216170.0,,,,0.0,0.0,,,,,,,,,0.0,,5013.0,,,177443.0,0.0,,,,,,,,,,,,,,,,,,,,,,-55224.0,,,,173689.0,,,,,463525.0,3649163.0,,,391118.0,,,,,173689.0,2089596.0,177443.0,-177443.0,,,,,,-16497.0,,,,,10000.0,0.0,0.0,,363078.0,,,,,,,,,-232667.0,543521.0,0.0,147390.0,,,,-16761774.0,0.0,,,,0.33,,,-3185638.0,,,,,,,,,,,62749574.0
2018-12-31,2019-02-19,10-Q,"AuraSource, Inc.",ARAO,CIK0001083922,USD,,91909.0,1447250.0,15461.0,543521.0,,52714.0,13534722.0,,,,,,,,,,,,63046.0,63046.0,47585.0,,,,150000000.0,63298620.0,63298.0,-549848.0,,,,0.0,0.0,,,,,,,,,-0.01,,5013.0,,,493362.0,0.0,,,,,,,,,,,,,,,,,,,,,,-56094.0,,,,173689.0,,,,,63046.0,3723541.0,,,391118.0,,,,,177811.0,2006571.0,493362.0,-493362.0,,,,,,392.0,,,,,10000.0,0.0,0.0,,0.0,,,,,,,,,-549456.0,543521.0,0.0,147390.0,,,,-17311229.0,0.0,,,,0.33,,,-3660495.0,,,,,,,,,,,63040855.0
2019-03-31,2019-07-12,10-K,"AuraSource, Inc.",ARAO,CIK0001083922,USD,,167467.0,1540695.0,0.0,543521.0,0.0,42334.0,13657731.0,,,135363.0,,,135363.0,,,,,0.0,58161.0,58161.0,58161.0,-190311.0,,,150000000.0,64681119.0,64681.0,-1293924.0,,,,0.0,0.0,,,,,,0.0,0.0,,-0.02,29592.0,5013.0,,,1118751.0,0.0,0.0,-19967.0,237815.0,-11245.0,,0.0,,0.0,-516045.0,,,,,16112.0,0.0,0.0,,,,0.0,0.0,-204765.0,,0.0,,170910.0,,,840000.0,3934420.0,58161.0,3934420.0,,,391118.0,207000.0,0.0,-426903.0,-1323516.0,182022.0,2044236.0,1118751.0,-1118751.0,0.0,0.0,0.0,,,-29592.0,,,0.0,0.0,10000.0,0.0,0.0,,0.0,,,,212000.0,0.0,,,0.0,-1323516.0,543521.0,0.0,147390.0,,5000.0,,-17641005.0,0.0,,,,0.33,2850000.0,,-3876260.0,,,,,,,,212000.0,,29592.0,66523560.0
2019-06-30,2019-08-21,10-Q,"AuraSource, Inc.",ARAO,CIK0001083922,USD,,143632.0,1600193.0,0.0,,0.0,52812.0,13738031.0,,,40800.0,,,40800.0,,,,,0.0,34296.0,34296.0,34296.0,-23865.0,-23865.0,,150000000.0,65181119.0,65181.0,-195754.0,,,,5316.0,0.0,,,,,,,,,0.0,10477.0,,,,180489.0,29684.0,0.0,-23834.0,110604.0,0.0,,0.0,,0.0,0.0,,,,,4320.0,0.0,0.0,,,,,,-55427.0,,0.0,,182022.0,,,220000.0,,34296.0,4025510.0,,,,40000.0,0.0,-74342.0,-206232.0,186344.0,2095341.0,180489.0,-150805.0,,,,,,-10478.0,,,0.0,0.0,10000.0,0.0,0.0,,0.0,,,,40000.0,0.0,,,0.0,-206232.0,,,,,0.0,,-17847238.0,35000.0,,,,0.28,0.0,,-3991214.0,,,,,,,,40000.0,,10478.0,66883151.0
2019-09-30,2019-11-07,10-Q,"AuraSource, Inc.",ARAO,CIK0001083922,USD,,84765.0,1727087.0,0.0,,,66254.0,14010608.0,,,,,,,,,,,,89993.0,28460.0,28460.0,,,,150000000.0,66033151.0,66033.0,-289516.0,,,,0.0,0.0,,,,,,2261.0,,,0.0,,,,,226598.0,0.0,,,,,,,,,,,,,,,,,,,,0.0,,-76360.0,,,,,,,,4097294.0,89993.0,4057682.0,,,,,,,,78240.0,2147725.0,226598.0,-226598.0,19865.0,39612.0,59272.0,,,-13442.0,,,,,10000.0,0.0,0.0,,0.0,,,,,,,,,-302958.0,,,,,,,-18150196.0,0.0,,,,0.28,,,-4007301.0,,,,,,,,,,,65819842.0
2019-12-31,2020-01-31,10-Q,"AuraSource, Inc.",ARAO,CIK0001083922,USD,,70426.0,1836585.0,0.0,,,60662.0,14034208.0,,,,,,,,,,,,88202.0,31581.0,31581.0,,,,150000000.0,66033151.0,66033.0,-185709.0,,,,0.0,0.0,,,,,,2262.0,,,0.0,,,,,125252.0,0.0,,,,,,,,,,,,,,,,,,,,0.0,15000.0,-54866.0,,,,,,,,4242613.0,88202.0,4208442.0,,,,,,,,79414.0,2201419.0,125252.0,-125252.0,20598.0,34171.0,54359.0,,,5591.0,,,,,10000.0,0.0,0.0,,0.0,,,,,,,,,-180118.0,,,,,,,-18330314.0,0.0,,,,0.28,,,-4154411.0,,,,,,,,,,,66033151.0
2020-03-31,2020-05-07,10-K,"AuraSource, Inc.",ARAO,CIK0001083922,USD,,121099.0,1906239.0,0.0,,,66722.0,14075958.0,,,150600.0,,,150600.0,,,,,0.0,86805.0,35215.0,35215.0,-22946.0,-22946.0,,150000000.0,66883151.0,66883.0,-871705.0,,,,5316.0,0.0,,,,,,2262.0,,,-0.01,24387.0,,0.0,,682897.0,29684.0,0.0,15523.0,577761.0,2262.0,,0.0,,0.0,0.0,,,,,23137.0,,0.0,,,,0.0,0.0,-242879.0,,0.0,,,,,840000.0,4414340.0,86805.0,4384994.0,,,,84000.0,0.0,-131333.0,-896092.0,80605.0,2256453.0,682897.0,-653213.0,20598.0,29346.0,49328.0,,,-24387.0,,,0.0,0.0,10000.0,0.0,0.0,,0.0,,,,84000.0,0.0,,,0.0,-896092.0,,,,,0.0,,-18537098.0,35000.0,,,,0.25,200000.0,,-4327535.0,,,,,,,,269829.0,,24387.0,65879437.0
2020-06-30,2020-07-24,10-Q,"AuraSource, Inc.",ARAO,CIK0001083922,USD,,82203.0,2030286.0,0.0,,,66721.0,14086958.0,,,11000.0,,,11000.0,,,,,0.0,86619.0,40259.0,40259.0,,5044.0,,150000000.0,66883151.0,66883.0,-191218.0,,,,0.0,0.0,,,,,,2262.0,,,0.0,-1.0,,0.0,,135600.0,0.0,0.0,-40690.0,180459.0,0.0,,0.0,,0.0,0.0,,,,,1262.0,,0.0,,,,0.0,0.0,-55618.0,,0.0,,,,,200000.0,4594373.0,86619.0,4570605.0,,,,44232.0,0.0,-39187.0,-191218.0,124099.0,2312865.0,135600.0,-135600.0,21152.0,23768.0,44098.0,,,0.0,,,0.0,0.0,10000.0,0.0,0.0,,0.0,,,,0.0,44232.0,,,0.0,-191218.0,,,,,0.0,,-18728316.0,0.0,,,,0.25,,,-4507754.0,,,,,,,,269829.0,,0.0,66883151.0
2020-09-30,2020-11-16,10-Q,"AuraSource, Inc.",ARAO,CIK0001083922,USD,,101950.0,2136785.0,0.0,,,47075.0,14110658.0,,,,,,,,,,,,75340.0,34261.0,31261.0,,,,150000000.0,67383151.0,67383.0,-205473.0,,,,0.0,0.0,,,,,,2262.0,,,0.0,,,,,139638.0,0.0,,,,,,,,,,,,,,,,,,,,0.0,0.0,-46189.0,,,,,,,,4764367.0,75340.0,4746369.0,,,,,,,,115333.0,2370686.0,139638.0,-139638.0,21615.0,17998.0,38817.0,,,19646.0,,,,,10000.0,0.0,0.0,,0.0,,,,,,,,,-185827.0,,,,,,,-18914143.0,0.0,,,,0.24,,,-4689027.0,,,,,,,,,,,67105977.0
2020-12-31,2021-02-09,10-Q,"AuraSource, Inc.",ARAO,CIK0001083922,USD,,121285.0,2243283.0,0.0,,,27941.0,14136208.0,,,,,,,,,,,,65819.0,30155.0,30154.0,,,,150000000.0,67733151.0,67733.0,-213898.0,,,,0.0,0.0,,,,,,2262.0,,,0.0,,,,,134179.0,0.0,,,,,,,,,,,,,,,,,,,,0.0,0.0,-60585.0,,,,,,,,4942844.0,65819.0,4930866.0,,,,,,,,114151.0,2429954.0,134179.0,-134179.0,22193.0,11978.0,33402.0,,,19134.0,,,,,10000.0,0.0,0.0,,0.0,,,,,,,,,-194764.0,,,,,,,-19108907.0,0.0,,,,0.23,,,-4877025.0,,,,,,,,,,,67645651.0
2021-03-31,2021-07-14,10-K,"AuraSource, Inc.",ARAO,CIK0001083922,USD,,117972.0,2349781.0,0.0,,,31223.0,14357976.0,,,130600.0,,,130600.0,,,,,0.0,95998.0,65887.0,65887.0,,30672.0,,150000000.0,68208151.0,68208.0,-962318.0,,,,0.0,0.0,,,,,,2262.0,,,-0.01,-35499.0,,-5481.0,,620129.0,0.0,0.0,-10478.0,677791.0,0.0,,0.0,,0.0,0.0,,,,,87365.0,,0.0,,,,0.0,0.0,-306691.0,,0.0,,,,,800000.0,5102508.0,95998.0,5096700.0,,,,102232.0,5481.0,-41542.0,-926819.0,115459.0,2490702.0,620129.0,-620129.0,22786.0,5808.0,27849.0,,,35498.0,,,0.0,,10000.0,0.0,0.0,,0.0,,,,70500.0,34232.0,,,0.0,-926820.0,,,,,2500.0,,-19463917.0,0.0,,,,0.24,40000.0,,-5006510.0,,,,,,,,70500.0,,-35498.0,67409726.0
2021-06-30,2021-08-03,10-Q,"AuraSource, Inc.",ARAO,CIK0001083922,USD,,126721.0,2459279.0,0.0,,,22566.0,14459494.0,,,80000.0,,,80000.0,,,,,0.0,81700.0,56598.0,56598.0,,-9289.0,,150000000.0,68208151.0,68208.0,-275254.0,,,,0.0,0.0,,,,,,2262.0,,,0.0,-8657.0,,-5481.0,,198853.0,0.0,0.0,3241.0,171766.0,0.0,,0.0,,0.0,0.0,,,,,22790.0,,0.0,,,,0.0,0.0,-85057.0,,0.0,,,,,200000.0,5279259.0,81700.0,5279259.0,,,,0.0,5481.0,-6113.0,-283910.0,116730.0,2552970.0,198853.0,-198853.0,23559.0,0.0,22840.0,,,-8656.0,,,0.0,,10000.0,0.0,0.0,,0.0,,,,0.0,0.0,,,0.0,-283910.0,,,,,0.0,,-19747827.0,0.0,,,,0.23,0.0,,-5197559.0,,,,,,,,,,-8656.0,68208151.0
2021-09-30,2021-11-15,10-Q,"AuraSource, Inc.",ARAO,CIK0001083922,USD,,127814.0,2568777.0,0.0,,,21628.0,14561971.0,,,,,,,,,,,,52114.0,32869.0,32869.0,,,,150000000.0,68208151.0,68208.0,-299116.0,,,,0.0,0.0,,,,,,2262.0,,,0.0,,,,,212483.0,0.0,,,,,,,,,,,,,,,,,,,,0.0,0.0,-87572.0,,,,,,,,5448190.0,52114.0,5448190.0,,,,,,,,118002.0,2616794.0,212483.0,-212483.0,16803.0,0.0,16983.0,,,-939.0,,,,,10000.0,0.0,0.0,,0.0,,,,,,,,,-300055.0,,,,,,,-20047883.0,0.0,,,,0.23,,,-5396076.0,,,,,,,,,,,68208151.0
2021-12-31,2022-02-11,10-Q,"AuraSource, Inc.",ARAO,CIK0001083922,USD,,135125.0,2678275.0,0.0,,,14354.0,14675406.0,,,,,,,,,,,,32792.0,19538.0,19538.0,,,,150000000.0,68208151.0,68208.0,-296830.0,,,,0.0,0.0,,,,,,2262.0,,,0.0,,,,,212687.0,0.0,,,,,,,,,,,,,,,,,,,,0.0,0.0,-91416.0,,,,,,,,5626810.0,32792.0,5626810.0,,,,,,,,119284.0,2683493.0,212687.0,-212687.0,10633.0,0.0,10992.0,,,-7273.0,,,,,10000.0,0.0,0.0,,0.0,,,,,,,,,-304103.0,,,,,,,-20351986.0,0.0,,,,0.23,,,-5594018.0,,,,,,,,,,,68208151.0
