end,filed,form,Name,Ticker,CIK,Currency,AccountsPayableAndAccruedLiabilitiesCurrent,AccountsPayableTradeCurrent,AccountsReceivableFromSecuritization,AccruedPayrollTaxesCurrent,AccruedSalariesCurrent,AccumulatedDepreciationDepletionAndAmortizationPropertyPlantAndEquipment,AdditionalPaidInCapital,AdjustmentsToAdditionalPaidInCapitalOther,Assets,AssetsCurrent,AssetsNoncurrent,BusinessAcquisitionCostOfAcquiredEntityEquityInterestsIssuedAndIssuable,BusinessCombinationConsiderationTransferredEquityInterestsIssuedAndIssuable,CapitalLeasesOfLesseeContingentRentalsBasisSpreadOnVariableRate,Cash,CashAndCashEquivalentsAtCarryingValue,CashAndCashEquivalentsPeriodIncreaseDecrease,CashCashEquivalentsRestrictedCashAndRestrictedCashEquivalentsPeriodIncreaseDecreaseIncludingExchangeRateEffect,CommonStockCapitalSharesReservedForFutureIssuance,CommonStockParOrStatedValuePerShare,CommonStockSharesAuthorized,CommonStockSharesIssued,CommonStockSharesOutstanding,CommonStockSharesSubscriptions,CommonStockValue,ComprehensiveIncomeNetOfTaxIncludingPortionAttributableToNoncontrollingInterest,ConversionOfStockSharesConverted1,DebtAndCapitalLeaseObligations,DebtInstrumentInterestRateIncreaseDecrease,DeferredTaxAssetsOperatingLossCarryforwards,DeferredTaxAssetsTaxDeferredExpenseCompensationAndBenefitsEmployeeBenefits,DeferredTaxAssetsValuationAllowance,Depreciation,DepreciationDepletionAndAmortization,DevelopmentStageEnterpriseDeficitAccumulatedDuringDevelopmentStage,DividendsCommonStockCash,EarningsPerShareBasicAndDiluted,EffectiveIncomeTaxRateContinuingOperations,EffectiveIncomeTaxRateReconciliationAtFederalStatutoryIncomeTaxRate,EffectiveIncomeTaxRateReconciliationForeignIncomeTaxRateDifferential,EffectiveIncomeTaxRateReconciliationTaxSettlementsStateAndLocal,EmployeeRelatedLiabilitiesCurrent,EquityMethodInvestmentOwnershipPercentage,FederalDepositInsuranceCorporationPremiumExpense,FinanceLeaseRightOfUseAsset,FiniteLivedIntangibleAssetsAccumulatedAmortization,FiniteLivedIntangibleAssetsNet,ForeignCurrencyTransactionGainLossBeforeTax,GeneralAndAdministrativeExpense,IncomeLossFromContinuingOperationsBeforeIncomeTaxesMinorityInterestAndIncomeLossFromEquityMethodInvestments,IncomeLossFromDiscontinuedOperationsNetOfTaxPerBasicAndDilutedShare,IncomeTaxExpenseBenefit,IncomeTaxExpenseBenefitIntraperiodTaxAllocation,IncomeTaxesPaid,IncomeTaxReconciliationChangeInDeferredTaxAssetsValuationAllowance,IncomeTaxReconciliationIncomeTaxExpenseBenefitAtFederalStatutoryIncomeTaxRate,IncomeTaxReconciliationNondeductibleExpenseOther,IncomeTaxReconciliationNondeductibleExpenseShareBasedCompensationCost,IncomeTaxReconciliationOtherAdjustments,IncomeTaxReconciliationStateAndLocalIncomeTaxes,IncreaseDecreaseInAccountsPayableAndAccruedLiabilities,IncreaseDecreaseInAccountsPayableTrade,IncreaseDecreaseInAccruedSalaries,IncreaseDecreaseInOtherAccruedLiabilities,IncreaseDecreaseInPrepaidExpense,IncreaseDecreaseInPrepaidExpensesOther,InterestExpenseDebt,InterestIncomeExpenseAfterProvisionForLoanLoss,InterestPaid,LaborAndRelatedExpense,Liabilities,LiabilitiesAndStockholdersEquity,LiabilitiesCurrent,LongTermDebt,LongTermDebtAndCapitalLeaseObligations,LongTermDebtAndCapitalLeaseObligationsCurrent,NetCashProvidedByUsedInFinancingActivities,NetCashProvidedByUsedInInvestingActivities,NetCashProvidedByUsedInOperatingActivities,NetIncomeLoss,NetIncomeLossAttributableToNoncontrollingInterest,NonoperatingIncomeExpense,NotesPayableCurrent,OfficersCompensation,OperatingExpenses,OperatingIncomeLoss,OperatingLeaseLiability,OperatingLeaseLiabilityCurrent,OperatingLeaseLiabilityNoncurrent,OperatingLeasePayments,OperatingLeaseRightOfUseAsset,OperatingLeasesFutureMinimumPaymentsDue,OperatingLeasesFutureMinimumPaymentsDueCurrent,OperatingLeasesFutureMinimumPaymentsDueInThreeYears,OperatingLeasesFutureMinimumPaymentsDueInTwoYears,OperatingLeasesRentExpenseNet,OtherAccruedLiabilitiesCurrent,OtherComprehensiveIncomeLossNetOfTaxPortionAttributableToNoncontrollingInterest,OtherGeneralAndAdministrativeExpense,PaymentsForRent,PaymentsOfCapitalDistribution,PreferredStockParOrStatedValuePerShare,PreferredStockRedemptionAmount,PreferredStockSharesAuthorized,PreferredStockSharesIssued,PreferredStockSharesOutstanding,PreferredStockValue,PrepaidExpenseAndOtherAssetsCurrent,PrepaidExpenseCurrent,ProceedsFromContributedCapital,ProceedsFromIssuanceOfCommonStock,ProceedsFromIssuanceOfWarrants,ProceedsFromIssuanceOrSaleOfEquity,ProceedsFromLeasePayments,ProceedsFromNotesPayable,ProfessionalFees,ProfitLoss,PropertyPlantAndEquipmentGross,RentalProperties,RepaymentsOfNotesPayable,ResearchAndDevelopmentExpense,RetainedEarningsAccumulatedDeficit,Revenues,RightOfUseAssetObtainedInExchangeForOperatingLeaseLiability,SaleOfStockConsiderationReceivedOnTransaction,SaleOfStockNumberOfSharesIssuedInTransaction,SaleOfStockPricePerShare,SharesIssued,SharesOutstanding,StockholdersEquity,StockholdersEquityIncludingPortionAttributableToNoncontrollingInterest,StockIssuedDuringPeriodSharesNewIssues,StockIssuedDuringPeriodSharesOther,StockIssuedDuringPeriodValueEmployeeBenefitPlan,StockIssuedDuringPeriodValueIssuedForServices,StockIssuedDuringPeriodValueNewIssues,StockIssuedDuringPeriodValueOther,TemporaryEquitySharesIssued,TemporaryEquitySharesSubscribedButUnissuedSubscriptionsReceivable,TreasuryStockShares,TreasuryStockValue,ValuationAllowanceDeferredTaxAssetChangeInAmount,WeightedAverageNumberOfShareOutstandingBasicAndDiluted
2008-12-31,2009-04-08,10-K,"SIGNET INTERNATIONAL HOLDINGS, INC.",SIGN,CIK0001317833,USD,,,,,,,,,,,,,,,,,,,,,,,,,,,,,,,,,,,,,,,,,,,,,,,,,,,,,,,,,,,,,,,,,,,,,,,,,,,,,,,,-310630.0,,,,,,,,,,,,,,,,,,,,,,,,,,,,,,,,,,,,,-310630.0,,,,,,,,,,,,0.0,3315430.0,3315430.0,,,,,,,,,,,,
2009-12-31,2010-04-12,10-K,"SIGNET INTERNATIONAL HOLDINGS, INC.",SIGN,CIK0001317833,USD,,,,,,,,-5300.0,,,,,,,,32396.0,,,,,,,,,,,,,,,,,,,,,,,,,,,,,,,,,,,,,,,,,,,,,,,,,,,,,,,,,,,,,,,,-296313.0,,,,,,,,,,,,,,,,,,,,,,,,,,,,,,,,,,,,,-296313.0,,,,,,,,,,,,0.0,3571058.0,3571058.0,,,,,,,,,,,,
2010-06-30,2010-08-16,10-Q,"SIGNET INTERNATIONAL HOLDINGS, INC.",SIGN,CIK0001317833,USD,,,,,,,,,,,,,,,,13380.0,,,,,,,,,,-100568.0,,,,,,,,,,,,,,,,,,,,,,,,-100568.0,,0.0,,,,,,,,,,,,,,,-125.0,,,47250.0,,,,,,,,,,,,,,22500.0,100443.0,-100443.0,,,,,,,,,,,,0.0,30693.0,,,,,,,,,,,,,,,,,,-100568.0,,,,,,0.0,,,,,,,,,,,,,,,,,,,,
2010-09-30,2010-11-15,10-Q,"SIGNET INTERNATIONAL HOLDINGS, INC.",SIGN,CIK0001317833,USD,,,,,,,,,,,,,,,,24536.0,,,,,,,,,,-76017.0,,,,,,,,,,,-0.01,,,,,,,,,,,,,-76017.0,,0.0,,,,,,,,,,,,,,,250.0,,,29250.0,,,,,,,,,,,,,,22500.0,75767.0,-75767.0,,,,,,,,,,,,0.0,24017.0,,,,,,,,,,,,,,,,,,-76017.0,,,,,,0.0,,,,,,,,,,,,,,,,,,,,
2010-12-31,2011-04-13,10-K,"SIGNET INTERNATIONAL HOLDINGS, INC.",SIGN,CIK0001317833,USD,,155631.0,,,,,5627266.0,0.0,4617950.0,10659.0,4607291.0,,,,10659.0,10659.0,-21737.0,,,0.001,100000000.0,5383402.0,5383402.0,0.0,5383.0,-380542.0,,,,,,,,0.0,2218471.0,,-0.07,,,,,514683.0,,,,0.0,4007249.0,,,-380542.0,,0.0,,0.0,,,,,,,,2103.0,43082.0,90000.0,0.0,,500.0,,0.0,172000.0,,4617950.0,1198772.0,,,,211120.0,0.0,-232857.0,-380542.0,,,0.0,90000.0,380042.0,-380042.0,,,,,,,,,,32020.0,528458.0,0.0,118042.0,,0.0,0.001,,50000000.0,5000000.0,5000000.0,5000.0,,0.0,0.0,216120.0,,,,0.0,,-380542.0,600042.0,,5000.0,,,0.0,,,,,,0.0,3419178.0,3419178.0,,,,,,,,0.0,,,,
2011-03-31,2011-05-16,10-Q,"SIGNET INTERNATIONAL HOLDINGS, INC.",SIGN,CIK0001317833,USD,,,,,,,,,,,,,,,,11006.0,347.0,,,,,,,,,-100854.0,,,,,,,0.0,,,,-0.02,,,,,,,,,,,,,-100854.0,,0.0,,0.0,,,,,,,,5137.0,38764.0,22500.0,0.0,,0.0,,0.0,34250.0,,,,,,,34800.0,0.0,-34453.0,,,,,22500.0,100854.0,-100854.0,,,,,,,,,,,,0.0,44104.0,,0.0,,,,,,,,,0.0,39300.0,,,,0.0,,-100854.0,,,0.0,,,0.0,,,,,,,,,,,,,,,,,,,,
2011-06-30,2011-08-15,10-Q,"SIGNET INTERNATIONAL HOLDINGS, INC.",SIGN,CIK0001317833,USD,,160768.0,,,,,5700641.0,,4638596.0,,4607291.0,,,,31305.0,31305.0,,,,0.001,100000000.0,6607802.0,6607802.0,0.0,6608.0,-75252.0,,,,,,,,,2394576.0,,-0.01,,,,,559683.0,,,,0.0,4007249.0,,,-75252.0,,0.0,,,,,,,,,,,,,,,558.0,,,29750.0,,4638596.0,1320923.0,,,,,,,,,,,22500.0,74694.0,-74694.0,,,,,,,,,,,600472.0,0.0,22444.0,,,0.001,,50000000.0,5000000.0,5000000.0,5000.0,,,,,,,,,,-75252.0,600042.0,,,,,0.0,,,,,,,,3317673.0,,,,,,,,0.0,,,,6566727.0
2011-09-30,2011-11-14,10-Q,"SIGNET INTERNATIONAL HOLDINGS, INC.",SIGN,CIK0001317833,USD,,160768.0,,,,,5702631.0,,4623420.0,,4607291.0,,,,16129.0,16129.0,,,,0.001,100000000.0,6618302.0,6618302.0,,6618.0,-76776.0,,,,,,,,,2471352.0,,-0.01,,,,,582183.0,,,,0.0,4007249.0,,,-76776.0,,0.0,,,,,,,,,,,,,,,0.0,,,32350.0,,4623420.0,1380523.0,,,,,,,,,,,22500.0,76776.0,-76776.0,,,,,,,,,,,637572.0,0.0,21926.0,,,0.001,,50000000.0,5000000.0,5000000.0,5000.0,,,,,,,,,,-76776.0,600042.0,,,,,0.0,,,,,,,,3242897.0,,,,,,,,,,,,6614259.0
2011-12-31,2012-03-30,10-K,"SIGNET INTERNATIONAL HOLDINGS, INC.",SIGN,CIK0001317833,USD,,168158.0,,,,,5728525.0,,4654798.0,47507.0,4607291.0,,,,22507.0,22507.0,11848.0,,,0.001,100000000.0,6725000.0,6725000.0,,6725.0,-314894.0,,,,296000.0,503000.0,799000.0,,0.0,2533365.0,,-0.05,,,,,604683.0,,,,0.0,4007249.0,,,-314894.0,,0.0,,0.0,,-107000.0,26000.0,,,,,12528.0,90000.0,146614.0,25000.0,,0.0,,500.0,128600.0,,4654798.0,1447913.0,,,,102600.0,0.0,-90752.0,-314894.0,,,0.0,90000.0,314894.0,-314894.0,,,,,,,,,,31000.0,675072.0,0.0,96294.0,,0.0,0.001,,50000000.0,5000000.0,5000000.0,5000.0,,25000.0,0.0,102600.0,,,,0.0,,-314894.0,600042.0,,0.0,,,0.0,,,,,,0.0,3206885.0,3206885.0,,,,,,,,,,,107000.0,6404720.0
2012-03-31,2012-05-15,10-Q,"SIGNET INTERNATIONAL HOLDINGS, INC.",SIGN,CIK0001317833,USD,,168158.0,,,,,5765775.0,,4675104.0,67813.0,4607291.0,,,,42813.0,42813.0,20306.0,,,0.001,100000000.0,6975000.0,6975000.0,,6975.0,-64444.0,,,,,,,0.0,,2597809.0,,-0.01,,,,,627183.0,,,,0.0,4007249.0,,,-64444.0,,0.0,,0.0,,-22000.0,14300.0,,7700.0,,,0.0,22500.0,24750.0,0.0,,0.0,,0.0,19500.0,,4675104.0,1495163.0,,,,37500.0,0.0,-17194.0,-64444.0,,,,22500.0,64444.0,-64444.0,,,,,,,,,,,699822.0,0.0,22444.0,,0.0,0.001,,50000000.0,5000000.0,5000000.0,5000.0,,25000.0,0.0,37500.0,,,,0.0,,-64444.0,600042.0,,0.0,,,0.0,,,,,,,,3179941.0,,,,,,,,,,,,6733242.0
2012-06-30,2012-08-20,10-Q,"SIGNET INTERNATIONAL HOLDINGS, INC.",SIGN,CIK0001317833,USD,,161358.0,,,,,6043317.0,,4848242.0,240951.0,4607291.0,,,,215951.0,215951.0,,,,0.001,100000000.0,8803400.0,8803400.0,40.0,8803.0,-142422.0,,,,25300.0,28560.0,70300.0,,,2740031.0,,-0.02,,,,,649683.0,,,,0.0,4007249.0,,,-142422.0,,,,,,,,,,,,,,,,,,,,22500.0,,4848242.0,1531113.0,,,,,,,-142422.0,,,,19500.0,142222.0,-142222.0,,,,,,,,,,,720072.0,,100222.0,,,0.001,,50000000.0,5000000.0,5000000.0,5000.0,,25000.0,,,,,,,,-142422.0,600042.0,,,,,,,,,,,,,3317129.0,,,,,,,,,,,,8329288.0
2012-09-30,2012-11-15,10-Q,"SIGNET INTERNATIONAL HOLDINGS, INC.",SIGN,CIK0001317833,USD,,161358.0,,,,,6056727.0,,4804037.0,196746.0,4607291.0,,,,158246.0,158246.0,,,,0.001,100000000.0,8803400.0,8803400.0,40.0,8893.0,-115743.0,,,,65540.0,48300.0,112840.0,,,2855774.0,,-0.01,,,,,672183.0,,,,0.0,4007249.0,,,-115743.0,,,,,,,,,,,,,,,,,,,,31500.0,,4804037.0,1589151.0,,,,,,,-115743.0,,,,22500.0,115743.0,-115743.0,,,,,,,,,,,755610.0,,61743.0,,,0.001,,50000000.0,5000000.0,5000000.0,5000.0,,38500.0,,,,,,,,-115743.0,600042.0,,,,,,,,,,,,,3214886.0,,,,,,,,,,,,8832059.0
2012-12-31,2013-04-01,10-K,"SIGNET INTERNATIONAL HOLDINGS, INC.",SIGN,CIK0001317833,USD,,161358.0,,,,,6056727.0,,4753164.0,145873.0,4607291.0,,,,107373.0,107373.0,84866.0,,,0.001,100000000.0,8893400.0,8893400.0,40.0,8893.0,-431032.0,,,,356000.0,505000.0,861000.0,,,2964397.0,,-0.05,,0.34,,,694683.0,,,,0.0,4007249.0,,,-431032.0,,,,,,-146500.0,76500.0,,,,,-6800.0,90000.0,115788.0,13500.0,,0.0,,,100500.0,,4753164.0,1646901.0,,,,303280.0,,-218414.0,-431032.0,,,,90000.0,431032.0,-431032.0,,,,,,,,,,36400.0,790860.0,,240532.0,,,0.001,,50000000.0,5000000.0,5000000.0,5000.0,,38500.0,,303280.0,,,,,,,600042.0,,,,,,,,,,,,3106263.0,,,,,,,,,,,,62000.0,8202311.0
2013-03-31,2013-05-15,10-Q,"SIGNET INTERNATIONAL HOLDINGS, INC.",SIGN,CIK0001317833,USD,,161358.0,,,,,6061762.0,,4709251.0,101960.0,4607291.0,,,,63460.0,63460.0,-43913.0,,,0.001,100000000.0,8928400.0,8928400.0,0.0,8897.0,-106663.0,,,,18100.0,17900.0,36000.0,,,3071059.0,,-0.01,,0.34,,,717183.0,,,,0.0,4007249.0,,,-106663.0,,,,,,-36000.0,17900.0,,18100.0,,,,22500.0,35250.0,,,,,,30000.0,,4709251.0,1704651.0,,,,5000.0,,-48913.0,-106663.0,,,,22500.0,106663.0,-106663.0,,,,,,,,,,,826110.0,,54163.0,,,0.001,,50000000.0,5000000.0,5000000.0,5000.0,,38500.0,,5000.0,,,,,,,600042.0,,,,,,,,,,,,3004600.0,,,,,,,,,,,,36000.0,8912844.0
2013-06-30,2013-08-13,10-Q,"SIGNET INTERNATIONAL HOLDINGS, INC.",SIGN,CIK0001317833,USD,,161358.0,,,,,6076620.0,,4689146.0,81855.0,4607291.0,,,,43355.0,43355.0,,,,0.001,100000000.0,8803400.0,8803400.0,,8999.0,-92855.0,,,,32040.0,35700.0,67740.0,,,3163875.0,,-0.01,,,,,739683.0,,,,0.0,4007249.0,,,-92855.0,,,,,,,,,,,,,,,,,,,,30000.0,,4689146.0,1762402.0,,,,,,,-92855.0,,,,22500.0,92855.0,-92855.0,,,,,,,,,,,861361.0,,40355.0,,,0.001,,50000000.0,5000000.0,5000000.0,5000.0,,38500.0,,,,,,,,,600042.0,,,,,,,,,,,,2926744.0,,,,,,,,,,,,,8939565.0
2013-09-30,2013-11-15,10-Q,"SIGNET INTERNATIONAL HOLDINGS, INC.",SIGN,CIK0001317833,USD,,161358.0,,,,,6094046.0,,4671914.0,64623.0,4607291.0,,,,26123.0,26123.0,,,,0.001,100000000.0,9147300.0,9147300.0,,9147.0,-92556.0,,,,45750.0,53550.0,99300.0,,,3256431.0,,-0.01,,,,,762184.0,,,,0.0,4007249.0,,,-92556.0,,,,,,,,,,,,,,,,,,,,30000.0,,4671914.0,1820152.0,,,,,,,-92556.0,,,,22500.0,92556.0,-92556.0,,,,,,,,,,,896610.0,,40056.0,,,0.001,,50000000.0,5000000.0,5000000.0,5000.0,,38500.0,,,,,,,,,600042.0,,,,,,,,,,,,2851762.0,,,,,,,,,,,,,9087815.0
2013-12-31,2014-03-28,10-K,"SIGNET INTERNATIONAL HOLDINGS, INC.",SIGN,CIK0001317833,USD,,161358.0,,,,,6116440.0,,4665335.0,58044.0,4607291.0,,,,19544.0,19544.0,-87829.0,,,0.001,100000000.0,8893400.0,8893400.0,,9295.0,-389905.0,,,,565500.0,575000.0,1140500.0,,,3354301.0,,-0.04,,0.34,,,784683.0,,,,0.0,4007249.0,,,-389905.0,,,,,,-132600.0,70000.0,,62600.0,,,,90000.0,152000.0,,,0.0,,,131000.0,,4665335.0,1888901.0,,,,60076.0,,-147905.0,-389905.0,,,,90000.0,389905.0,-389905.0,,,,,,,,,,33800.0,942860.0,,168905.0,,,0.001,,50000000.0,5000000.0,5000000.0,5000.0,,38500.0,,60076.0,,,,,,,600042.0,,,,,,,,,,,,2776434.0,,,,,,,,,,,,280000.0,9035008.0
2014-03-31,2014-05-12,10-Q,"SIGNET INTERNATIONAL HOLDINGS, INC.",SIGN,CIK0001317833,USD,,161358.0,,,,,6194050.0,,4704311.0,97020.0,4607291.0,,,,,58520.0,38975.0,,,0.001,100000000.0,9863585.0,9863585.0,,9865.0,-93205.0,,,,18100.0,15500.0,32000.0,,,3447505.0,,-0.01,,0.34,,,807183.0,,,,0.0,4007249.0,,,-93205.0,,,,,,-32000.0,16500.0,,15500.0,,,,22500.0,31500.0,,,,,,25500.0,,4704311.0,1942901.0,,,,78180.0,,-39205.0,-93205.0,,,,22500.0,93205.0,-93205.0,,,,,,,,,,,974360.0,,45205.0,,,0.001,,50000000.0,5000000.0,5000000.0,5000.0,,38500.0,,78180.0,,,,,,,,,,,,,,,,,,,2761410.0,,,,,,,,,,,,32000.0,9498447.0
2014-06-30,2014-08-07,10-Q,"SIGNET INTERNATIONAL HOLDINGS, INC.",SIGN,CIK0001317833,USD,,161358.0,,,,,6194050.0,,4678665.0,71374.0,4607291.0,,,,,32874.0,,,,0.001,100000000.0,9863585.0,9863585.0,,9865.0,-88146.0,,,,26129.0,35530.0,61659.0,,,3535651.0,,-0.01,,,,,829683.0,,,,0.0,4007249.0,,,-88146.0,,,,,,,,,,,,,,,,,,,,34000.0,,4678665.0,2005401.0,,,,,,,-88146.0,,,,22500.0,88146.0,-88146.0,,,,,,,,,,,1014360.0,,31646.0,,,0.001,,50000000.0,5000000.0,5000000.0,5000.0,,38500.0,,,,,,,,,,,,,,,,,,,,,2673264.0,,,,,,,,,,,,,9294030.0
2014-09-30,2014-11-19,10-Q,"SIGNET INTERNATIONAL HOLDINGS, INC.",SIGN,CIK0001317833,USD,,161358.0,,,,,6224998.0,,4682692.0,75401.0,4607291.0,,,,,36901.0,,,,0.001,100000000.0,10066285.0,10066285.0,,10068.0,-87373.0,,,,37136.0,54230.0,91366.0,,,3623025.0,,-0.01,,,,,852183.0,,,,0.0,4007249.0,,,-87373.0,,,,,,,,,,,,,,,,,,,,32500.0,,4682692.0,2065651.0,,,,,,,-87373.0,,,,22500.0,87373.0,-87373.0,,,,,,,,,,,1052110.0,,32373.0,,,0.001,,50000000.0,5000000.0,5000000.0,5000.0,,38500.0,,,,,,,,,,,,,,,,,,,,,2617041.0,,,,,,,,,,,,31000.0,9881353.0
2014-12-31,2015-03-30,10-K,"SIGNET INTERNATIONAL HOLDINGS, INC.",SIGN,CIK0001317833,USD,,158858.0,,,,,6271865.0,,4694082.0,86791.0,4607291.0,,,,,48291.0,25747.0,,,0.001,100000000.0,9294030.0,9294030.0,,10404.0,-361787.0,,,,613330.0,650140.0,1263470.0,,,3716088.0,,-0.03,,0.34,,,874683.0,,,,0.0,4007249.0,,,-361787.0,,,,,,-124093.0,75140.0,,48953.0,,,-2500.0,90000.0,146000.0,,,,,,128000.0,,4694082.0,2122901.0,,,,154034.0,,-128287.0,-361787.0,,,,90000.0,361787.0,-361787.0,,,,,,,,,,,1089360.0,,143787.0,,,0.001,,50000000.0,5000000.0,5000000.0,5000.0,,38500.0,,154034.0,,,,,,,,,,,,,,,,,,,2571181.0,,,,,,,,,,,,123000.0,10402145.0
2020-09-30,2020-11-09,10-Q,"SIGNET INTERNATIONAL HOLDINGS, INC.",SIGN,CIK0001317833,USD,26967.0,,,,366530.0,17617.0,7898017.0,,154324.0,126296.0,,,,,,125914.0,,,,0.001,100000000.0,19437807.0,19437807.0,,19437.0,,,28558.0,,,,,,,,,,,,,,,,,,,,,18033.0,,0.0,,,,,,,,,,,,,,,,,-41470.0,,,55525.0,154324.0,38552.0,,16973.0,11585.0,,,,-41470.0,,,,,41470.0,-41470.0,45645.0,,,,28028.0,32759.0,3545.0,14752.0,14462.0,,,,,3811.0,,0.001,,50000000.0,,,5000.0,382.0,,,,,,,,23437.0,-41470.0,,,,,-7823655.0,,,,,,,,98799.0,,,,,1500.0,20000.0,,,,,,,18372541.0
2020-12-31,2021-03-26,10-K,"SIGNET INTERNATIONAL HOLDINGS, INC.",SIGN,CIK0001317833,USD,19087.0,,,460960.0,,20368.0,7933832.0,,149152.0,123875.0,,,,,,123493.0,,16832.0,829721.0,0.001,100000000.0,19913982.0,19913982.0,,19914.0,,,25843.0,,522864.0,,522864.0,,,,,,0.5,,0.21,0.05,,,250000.0,25277.0,,,,67889.0,,-0.02,,1668018.0,,48174.0,-74503.0,44068.0,,,-17739.0,-306.0,,,,,-16250.0,,-354777.0,,,44930.0,149152.0,31094.0,,13836.0,12007.0,186028.0,,-169196.0,-354777.0,354777.0,,,,354777.0,-354777.0,,12007.0,13836.0,,25277.0,29214.0,,14752.0,14462.0,144.0,,,,15100.0,,0.001,5000.0,50000000.0,,,5000.0,382.0,,,,,161028.0,,,286888.0,,,12600.0,,2000.0,-7854524.0,,,,,0.098,,,104222.0,,,,,169493.0,161028.0,94422.0,0.0,,,,,19156542.0
2021-03-31,2021-09-01,10-Q,"SIGNET INTERNATIONAL HOLDINGS, INC.",SIGN,CIK0001317833,USD,34857.0,,,,,23274.0,7970510.0,,153934.0,131563.0,,,,,,131181.0,,7688.0,,0.001,100000000.0,20385982.0,20385982.0,,20386.0,,,22974.0,,,,,,,,33750.0,,0.5,,,,,,250000.0,,,,,17412.0,,0.0,,,,,,,,,,15770.0,,,,,,,-45269.0,,,57831.0,153934.0,47301.0,,10530.0,12444.0,33750.0,,-26062.0,-45269.0,45269.0,,,,45269.0,-45269.0,,12444.0,10530.0,,22371.0,25599.0,,14752.0,10847.0,,,,,3775.0,,0.001,,50000000.0,,,5000.0,382.0,,,33750.0,,,,,27857.0,-45269.0,,,,500.0,-7899793.0,,,,,,,,96103.0,,,,,3400.0,33750.0,,,,,,,20059382.0
2021-06-30,2021-09-27,10-Q,"SIGNET INTERNATIONAL HOLDINGS, INC.",SIGN,CIK0001317833,USD,36265.0,,,,,26265.0,7985277.0,,157009.0,137629.0,,,,,,137247.0,,,,0.001,100000000.0,20385982.0,20385982.0,,20386.0,,,20018.0,,,,,,,,,,,,,,,,,,,,,4908.0,,0.0,,,,,,,,,,,,,,,,,-10358.0,,,56283.0,157009.0,49159.0,,7124.0,12894.0,,,,-10358.0,,,,,10358.0,-10358.0,,12894.0,7124.0,,19380.0,21551.0,,14462.0,7089.0,,,,,3775.0,,0.001,,50000000.0,,,5000.0,382.0,,,,,,,,5450.0,-10358.0,,,,,-7910151.0,,,,,,,,100726.0,,,,,,14981.0,,214018.0,,,,,20590488.0
2021-09-30,2021-11-05,10-Q,"SIGNET INTERNATIONAL HOLDINGS, INC.",SIGN,CIK0001317833,USD,71345.0,,,,,26265.0,7985277.0,,83029.0,83029.0,,,,0.04,,79932.0,,,,0.001,100000000.0,20535982.0,20385982.0,,20536.0,,,20018.0,,,,,,,,,,,,,,,,,,,,,60502.0,,0.0,,,,,,,,,,,,,,,,,-89042.0,,,71345.0,83029.0,71345.0,19381.0,,,,,,-89042.0,,,,,89042.0,-89042.0,,,,,,,,,,,,,,3591.0,,0.001,5000.0,50000000.0,,,,3097.0,,,,,,,,28540.0,-89042.0,,,,,-7999193.0,,,,,,,,11684.0,,,,,,,,64018.0,,,,,20600000.0
