end,filed,form,Name,Ticker,CIK,Currency,AccountsPayable,AccountsPayableAndAccruedLiabilitiesNoncurrent,AccountsPayableAndOtherAccruedLiabilities,AccountsPayableCurrent,AccountsPayableCurrentAndNoncurrent,AccountsPayableInterestBearingInterestRate,AccountsPayableRelatedParties,AccountsPayableRelatedPartiesCurrentAndNoncurrent,AccountsReceivableNetCurrent,AccruedLiabilities,AccruedLiabilitiesAndOtherLiabilities,AccruedLiabilitiesCurrent,AccruedLiabilitiesCurrentAndNoncurrent,AccumulatedOtherComprehensiveIncomeLossNetOfTax,AdditionalPaidInCapital,AdjustmentsToAdditionalPaidInCapitalConvertibleDebtWithConversionFeature,AdjustmentsToAdditionalPaidInCapitalStockIssuedIssuanceCosts,AmortizationOfFinancingCosts,AmortizationOfFinancingCostsAndDiscounts,AntidilutiveSecuritiesExcludedFromComputationOfEarningsPerShareAmount,Assets,AssetsCurrent,BusinessAcquisitionSharePrice,Cash,CashAndCashEquivalentsAtCarryingValue,CashAndCashEquivalentsPeriodIncreaseDecrease,CashEquivalentsAtCarryingValue,CashPeriodIncreaseDecrease,CertainLoansAcquiredInTransferAccountedForAsDebtSecuritiesOutstandingBalance,CommitmentsAndContingencies,CommonStockParOrStatedValuePerShare,CommonStockSharesAuthorized,CommonStockSharesIssued,CommonStockSharesOutstanding,CommonStockValue,ComprehensiveIncomeNetOfTax,ConcentrationRiskPercentage1,ConvertibleDebtCurrent,ConvertibleLongTermNotesPayable,CostOfRevenue,CurrentIncomeTaxExpenseBenefit,DebtInstrumentInterestRateEffectivePercentage,DeferredTaxAssetsLiabilitiesNet,DeferredTaxAssetsNetNoncurrent,DeferredTaxAssetsTaxDeferredExpense,DeferredTaxAssetsTaxDeferredExpenseReservesAndAccrualsReserves,DeferredTaxAssetsValuationAllowance,Depreciation,DepreciationAndAmortization,DevelopmentStageEnterpriseDeficitAccumulatedDuringDevelopmentStage,DiscontinuedOperationIncomeLossFromDiscontinuedOperationBeforeIncomeTax,DueToAffiliateCurrent,DueToOfficersOrStockholdersCurrent,DueToRelatedPartiesCurrent,EarningsPerShareBasic,EarningsPerShareBasicAndDiluted,EffectiveIncomeTaxRateReconciliationAtFederalStatutoryIncomeTaxRate,EffectOfExchangeRateOnCashAndCashEquivalents,EmployeeBenefitsAndShareBasedCompensation,EscrowDeposit,FairValueNetDerivativeAssetLiabilityMeasuredOnRecurringBasisChangeInUnrealizedGainLoss,FinanceLeaseLiabilityCurrent,FinanceLeaseLiabilityNoncurrent,GainsLossesOnExtinguishmentOfDebt,GeneralAndAdministrativeExpense,GrossProfit,IncomeLossFromContinuingOperations,IncomeLossFromContinuingOperationsBeforeIncomeTaxesDomestic,IncomeLossFromContinuingOperationsBeforeIncomeTaxesExtraordinaryItemsNoncontrollingInterest,IncomeLossFromContinuingOperationsBeforeIncomeTaxesForeign,IncomeLossFromContinuingOperationsBeforeIncomeTaxesMinorityInterestAndIncomeLossFromEquityMethodInvestments,IncomeLossFromContinuingOperationsPerBasicShare,IncomeLossFromExtraordinaryItemsNetOfTaxPerBasicAndDilutedShare,IncomeTaxExpenseBenefit,IncomeTaxExpenseBenefitContinuingOperations,IncomeTaxesPaid,IncomeTaxesPaidNet,IncomeTaxReconciliationChangeInDeferredTaxAssetsValuationAllowance,IncomeTaxReconciliationIncomeTaxExpenseBenefitAtFederalStatutoryIncomeTaxRate,IncreaseDecreaseInAccountsPayable,IncreaseDecreaseInAccountsPayableAndAccruedLiabilities,IncreaseDecreaseInAccountsReceivable,IncreaseDecreaseInAccruedInterestReceivableNet,IncreaseDecreaseInAccruedLiabilities,IncreaseDecreaseInDueToRelatedParties,IncreaseDecreaseInNotesPayableCurrent,IncreaseDecreaseInNotesPayableRelatedParties,IncreaseDecreaseInNotesPayableRelatedPartiesCurrent,IncreaseDecreaseInOtherAccountsPayable,IncreaseDecreaseInOtherOperatingLiabilities,IncreaseDecreaseInOtherReceivables,IncreaseDecreaseInPrepaidExpense,InterestExpense,InterestExpenseOther,InterestExpenseRelatedParty,InterestPaid,InterestPaidNet,InterestPayableCurrent,InvestmentIncomeInterest,LeaseDepositLiability,LegalFees,Liabilities,LiabilitiesAndStockholdersEquity,LiabilitiesCurrent,NetCashProvidedByUsedInFinancingActivities,NetCashProvidedByUsedInInvestingActivities,NetCashProvidedByUsedInOperatingActivities,NetIncomeLoss,NetIncomeLossAvailableToCommonStockholdersBasic,NotesPayable,NotesPayableCurrent,NotesPayableRelatedPartiesClassifiedCurrent,NotesPayableRelatedPartiesCurrentAndNoncurrent,OperatingExpenses,OperatingIncomeLoss,OperatingLeaseLiability,OperatingLeaseLiabilityCurrent,OperatingLeaseRightOfUseAsset,OperatingLossCarryforwards,OperatingLossCarryforwardsValuationAllowance,OtherAccruedLiabilitiesCurrent,OtherComprehensiveIncomeLossForeignCurrencyTransactionAndTranslationAdjustmentNetOfTax,OtherComprehensiveIncomeLossNetOfTaxPortionAttributableToParent,OtherExpenses,OtherExtraordinaryGainLoss,OtherNoncashExpense,OtherNonoperatingIncomeExpense,OtherOperatingIncomeExpenseNet,OtherPrepaidExpenseCurrent,PaymentsToAcquirePropertyPlantAndEquipment,PensionContributions,PreferredStockParOrStatedValuePerShare,PreferredStockSharesAuthorized,PreferredStockSharesIssued,PreferredStockSharesOutstanding,PreferredStockValue,PrepaidExpenseCurrent,ProceedsFromContributionsFromAffiliates,ProceedsFromConvertibleDebt,ProceedsFromIssuanceInitialPublicOffering,ProceedsFromIssuanceOfCommonStock,ProceedsFromIssuanceOfDebt,ProceedsFromNotesPayable,ProceedsFromPartnershipContribution,ProceedsFromRelatedPartyDebt,ProceedsFromRepaymentsOfRelatedPartyDebt,ProfessionalFees,ProfitLoss,RelatedPartyTransactionRate,RelatedPartyTransactionRevenuesFromTransactionsWithRelatedParty,RetainedEarningsAccumulatedDeficit,Revenues,SalesRevenueServicesGross,SharesIssuedPricePerShare,StockholdersEquity,StockholdersEquityIncludingPortionAttributableToNoncontrollingInterest,StockIssuedDuringPeriodSharesNewIssues,StockIssuedDuringPeriodSharesOther,StockIssuedDuringPeriodValueAcquisitions,StockIssuedDuringPeriodValueConversionOfConvertibleSecurities,StockIssuedDuringPeriodValueIssuedForServices,StockIssuedDuringPeriodValueNewIssues,StockIssuedDuringPeriodValueOther,StockIssuedDuringPeriodValueShareBasedCompensation,WeightedAverageNumberOfDilutedSharesOutstanding,WeightedAverageNumberOfShareOutstandingBasicAndDiluted,WeightedAverageNumberOfSharesOutstandingBasic
2008-12-31,2009-03-31,10-K,NEW MOMENTUM CORPORATION,NNAX,CIK0001132509,USD,,,,,,0.09,,,,,,,,,,,,,,,,,,,,,,,,,,,10368500.0,10368500.0,,,,,,,,,,,,,,,,,,,,,,,,,,,,,,,,,,,,,,,,,,,,,,,,,,,,9700.0,8700.0,,,,,,,,,,,,,,,,,,,,,-41403.0,,,,,,,,,,,,,,,,,,,,,,,,,,,,,,,,,,,,,,,,,0.24,,,,,,-190385.0,,,,,,,,,,,,
2009-12-31,2010-04-15,10-K,NEW MOMENTUM CORPORATION,NNAX,CIK0001132509,USD,,,,,,,,,,,,,,,,,,,,,,,,,204.0,,,,,,,,10368500.0,10368500.0,,,,,,,,,,,,,,,,,,,,,,,,,,,,,,,,,,,,,,,,,,,,,,,,,,,,,8917.0,,,,,,,,,,,,,,,,,,,,,-50904.0,,,,,,,,,,,,,,,,,,,,,,,,,,,,,,,,,,,,,,,,,,,,,,,-241289.0,,,,,,,,,,,,
2010-06-30,2010-08-16,10-Q,NEW MOMENTUM CORPORATION,NNAX,CIK0001132509,USD,,,,,,,,,,,,,,,,,,,,,,,,,34.0,,,,,,,,,,,,,,,,,,,,,,,,0.0,,,,,,,-0.01,,,,,,,,,14047.0,,-16528.0,-16528.0,,,,,,,0.0,,,,,,,,,,,,,,,,,,-218.0,-2263.0,,,,,0.0,,,,,,,,,-16528.0,,,,,,14047.0,-14047.0,,,,,,,,,,,,-2481.0,,,,,,,,,,,,,,,,,,,,,,,0.0,,0.0,0.0,,,,,,,,,,,,10368500.0,,
2010-09-30,2010-11-15,10-Q,NEW MOMENTUM CORPORATION,NNAX,CIK0001132509,USD,,,,,,,,,,,,,,,,,,,,,,,,,282.0,,,,,,,,,,,,,,,,,,,,,,,,0.0,,,,,,,-0.01,,,,,,,,,11345.0,,-13972.0,-13972.0,,,,,,,0.0,,,,,,,,,,,,,,,,,,-314.0,-2313.0,,,,,0.0,,,,,,,,,-13972.0,,,,,,11345.0,-11345.0,,,,,,,,,,,,-2627.0,,,,,,,,,,,,,,,,,,,,,,,0.0,,0.0,0.0,,,,,,,,,,,,10368500.0,,
2010-12-31,2011-03-31,10-K,NEW MOMENTUM CORPORATION,NNAX,CIK0001132509,USD,153853.0,,,,,0.09,8250.0,,,2704.0,,,,,110533.0,,,,0.0,,282.0,282.0,,,282.0,78.0,,,,,0.001,500000000.0,10368500.0,10368500.0,10369.0,,,,,,,,,,,,,,0.0,422913.0,,,,40682.0,-0.01,,,,,,,,,,50485.0,,,,,,,,,,,0.0,,,,38263.0,,,,10237.0,,7300.0,5000.0,,,,,,-1132.0,-9105.0,,0.0,,,0.0,,,302293.0,282.0,302293.0,12300.0,0.0,-12222.0,-60722.0,,17000.0,,,79804.0,50485.0,-50485.0,,,,,,,,,,,,-10237.0,,,0.0,,0.001,175000000.0,,0.0,0.0,,,,,0.0,,,,,,,,0.1,0.0,,0.0,0.0,,-302011.0,,,,,,,,,,10368500.0,,
2011-03-31,2011-05-16,10-Q,NEW MOMENTUM CORPORATION,NNAX,CIK0001132509,USD,,,,,,,,,,,,,,,,,,,0.0,,,,,,182.0,-100.0,,,,,0.001,500000000.0,,10368500.0,,,,,,,,,,,,,,,0.0,,,,,,,,,,,,,,,,13323.0,,,,,,,,-0.01,,,0.0,,,,8160.0,,,,,,0.0,7650.0,,,,,,-378.0,-2209.0,,0.0,,,0.0,,,,,,7650.0,0.0,-7750.0,-15910.0,,,,,,13323.0,-13323.0,,,,,,,,,,,,-2587.0,,,0.0,,0.001,175000000.0,,0.0,,,,,,0.0,,,,,,,,,0.0,,0.0,0.0,,,,,,,,,,,,10368500.0,,
2011-06-30,2011-08-15,10-Q,NEW MOMENTUM CORPORATION,NNAX,CIK0001132509,USD,165899.0,,,,,,8250.0,,,3529.0,,,,,110533.0,,,,,,182.0,182.0,,,182.0,,,,,,0.001,500000000.0,,10368500.0,10369.0,,,,,,,,,,,,,,0.0,454204.0,,,,45352.0,,-0.01,,,,,,,,,12473.0,,-15381.0,-15381.0,,,,,,,0.0,,,,,,,,,,,,,,,,,,-448.0,-2460.0,,,,,0.0,,,333484.0,182.0,333484.0,,,,-15381.0,,23000.0,,,87454.0,12473.0,-12473.0,,,,,,,,,,,,-2908.0,,,,,0.001,175000000.0,,0.0,0.0,,,,,,,,,,,,,,0.0,,0.0,0.0,,-333302.0,,,,,,,,,,10368500.0,,10368500.0
2011-09-30,2011-11-14,10-Q,NEW MOMENTUM CORPORATION,NNAX,CIK0001132509,USD,172292.0,,,,,,8250.0,,,4051.0,,,,,110533.0,,,,,,182.0,182.0,,,182.0,,,,,,0.001,500000000.0,,10368500.0,10369.0,,,,,,,,,,,,,,0.0,463606.0,,,,47839.0,,-0.01,,,,,,,,,6393.0,,-9402.0,-9402.0,,,,,,,0.0,,,,,,,,,,,,,,,,,,-521.0,-2488.0,,,,,0.0,,,342886.0,182.0,342886.0,,,,-9402.0,,23000.0,,,87454.0,6393.0,-6393.0,,,,,,,,,,,,-3009.0,,,,,0.001,175000000.0,,0.0,0.0,,,,,,,,,,,,,,0.0,,0.0,0.0,,-342704.0,,,,,,,,,,10368500.0,,10368500.0
2011-12-31,2012-04-12,10-K,NEW MOMENTUM CORPORATION,NNAX,CIK0001132509,USD,172934.0,,,,,0.09,8250.0,,,4573.0,,,,,110533.0,,,,0.0,,232.0,232.0,,,232.0,-50.0,,,,,0.001,500000000.0,10368500.0,10368500.0,10369.0,,,,,,,,,,,,,,0.0,475515.0,,,,50434.0,-0.01,,,,,,,,,,40981.0,,,,,,,,,,,0.0,,147871.0,,19081.0,,,,11621.0,,6000.0,15850.0,,,,,,-1870.0,-9751.0,-9751.0,0.0,,,0.0,,,354845.0,232.0,354845.0,21850.0,0.0,-21900.0,-52602.0,,23000.0,,,95654.0,40981.0,-40981.0,,,,,,,,,,,,-11621.0,,,0.0,,0.001,175000000.0,,0.0,0.0,,,,,0.0,,,,,,,,0.09,0.0,,0.0,0.0,,-354613.0,,,,,,,,,,10368500.0,,10368500.0
2012-03-31,2012-05-15,10-Q,NEW MOMENTUM CORPORATION,NNAX,CIK0001132509,USD,172609.0,,,,,,8250.0,,,5088.0,,,,,110533.0,,,,0.0,,207.0,207.0,,,207.0,-25.0,,,,,,,,,10369.0,,,,,,,,,,,,,,0.0,485868.0,0.0,,,53072.0,,-0.01,,,,,,,,,7199.0,,-10353.0,-10353.0,,,,,-0.01,0.0,,0.0,,,,-325.0,,,3153.0,,,0.0,7500.0,,,,,,-515.0,-2639.0,-2639.0,0.0,,,0.0,,,365173.0,207.0,365173.0,7500.0,0.0,-7525.0,-10353.0,,23000.0,,,103154.0,7199.0,-7199.0,,,,,,,,,,,,-3154.0,,,0.0,,,,,,0.0,,,,,0.0,,,,,,,,,0.0,,0.0,0.0,,-364966.0,,,,,,,,,,10368500.0,,10368500.0
2012-06-30,2012-08-09,10-Q,NEW MOMENTUM CORPORATION,NNAX,CIK0001132509,USD,186399.0,,,,,,8250.0,,,5602.0,,,,,110533.0,,,,,,207.0,207.0,,,207.0,,,,,,0.001,500000000.0,,10368500.0,10369.0,,,,,,,,,,,,,,0.0,502978.0,0.0,,,55878.0,,-0.01,,,,,,,,,13791.0,,-17110.0,-17110.0,,,,,,0.0,,,,,,,,,,,,,,,,,,,-514.0,-2805.0,-2805.0,,,,0.0,,,382283.0,207.0,382283.0,,,,-17110.0,,23000.0,,,103154.0,13791.0,-13791.0,,,,,,,,,,,,-3319.0,,,,,0.001,175000000.0,,0.0,0.0,,,,,,,,,,,,,,0.0,,0.0,0.0,,-382076.0,,,,,,,,,,,,10368500.0
2012-09-30,2012-11-14,10-Q,NEW MOMENTUM CORPORATION,NNAX,CIK0001132509,USD,184022.0,,,,,,8250.0,,,6123.0,,,,,110533.0,,,,,,137.0,137.0,,,137.0,,,,,,0.001,500000000.0,,10368500.0,10369.0,,,,,,,,,,,,,,0.0,511110.0,0.0,,,58796.0,,-0.01,,,,,,,,,4693.0,,-8132.0,-8132.0,,,,,,0.0,,,,,,,,,,,,,,,,,,,-520.0,-2919.0,-2919.0,,,,0.0,,,390345.0,137.0,390345.0,,,,-8132.0,,23000.0,,,110154.0,4693.0,-4693.0,,,,,,,,,,,,-3439.0,,,,,0.001,175000000.0,,0.0,0.0,,,,,,,,,,,,,,0.0,,0.0,0.0,,-390208.0,,,,,,,,,,,,10368500.0
2012-12-31,2013-03-22,10-K,NEW MOMENTUM CORPORATION,NNAX,CIK0001132509,USD,191724.0,,,,191724.0,,8250.0,8250.0,,6643.0,,,6643.0,,110533.0,17100.0,,,0.0,546870.0,137.0,137.0,,,137.0,-95.0,,,,,0.001,500000000.0,0.0,10368500.0,10369.0,,,,,,-15916.0,,0.0,,163787.0,,-163787.0,0.0,0.0,522326.0,,,,61790.0,-0.01,-0.01,0.34,,,,,,,,33385.0,,,-46811.0,,,,,,0.0,0.0,0.0,,15916.0,,18790.0,,,13426.0,13426.0,,0.0,14500.0,,,,,,-2070.0,,-11356.0,0.0,,,0.0,,,401561.0,137.0,401561.0,14500.0,0.0,-14595.0,-46811.0,,23000.0,,,110154.0,33385.0,-33385.0,,,,481727.0,,,,,,,,-13426.0,,,0.0,,0.001,175000000.0,0.0,0.0,0.0,,,,,0.0,,,,,,,,0.09,0.0,,0.0,0.0,,-401424.0,,,,,,,,,,,,10368500.0
2013-03-31,2013-05-15,10-Q,NEW MOMENTUM CORPORATION,NNAX,CIK0001132509,USD,200629.0,,,,,,8250.0,,,7153.0,,,,,110533.0,,,,0.0,,112.0,112.0,,,112.0,-25.0,,,,,0.001,500000000.0,,10368500.0,10369.0,,,,,,,,,,,,,0.0,0.0,542019.0,0.0,,,64793.0,,-0.01,,,,,,,,,16180.0,,-19693.0,-19693.0,,,,,,0.0,,0.0,,,,8905.0,,,3513.0,,,0.0,7250.0,,,,,,-510.0,,-3003.0,0.0,,,0.0,,,421229.0,112.0,421229.0,7250.0,0.0,-7275.0,-19693.0,,23000.0,,,117404.0,16180.0,-16180.0,,,,,,,,,,,,-3513.0,,,0.0,,0.001,175000000.0,,0.0,0.0,,,,,0.0,,,,,,,,,0.0,,0.0,0.0,,-421117.0,,,,,,,,,,,,10368500.0
2013-06-30,2013-08-13,10-Q,NEW MOMENTUM CORPORATION,NNAX,CIK0001132509,USD,,,,,206725.0,,,8250.0,,,,,7669.0,,110533.0,,,,,,112.0,112.0,,,112.0,,,,,,0.001,500000000.0,10368500.0,10368500.0,10369.0,,,,,,,,,,,,,0.0,0.0,551763.0,0.0,,,67925.0,,-0.01,,,,,,,,,6096.0,,-9744.0,-9744.0,,,,,,0.0,,,,,,,,,,,,,,,,,,,-516.0,,-3132.0,,,,0.0,,,430973.0,112.0,430973.0,,,,-9744.0,,23000.0,,,117404.0,6096.0,-6096.0,,,,,,,,,,,,-3648.0,,,,,0.001,175000000.0,0.0,0.0,0.0,,,,,,,,,,,,,,0.0,,0.0,0.0,,-430861.0,,,,,,,,,,,,10368500.0
2013-09-30,2013-11-18,10-Q,NEW MOMENTUM CORPORATION,NNAX,CIK0001132509,USD,,,,,207248.0,,,8250.0,,,,,8191.0,,110533.0,,,,,,142.0,142.0,,,142.0,,,,,,0.001,500000000.0,10368500.0,10368500.0,10369.0,,,,,,,,,,,,,,0.0,561717.0,0.0,,,71164.0,,-0.01,,,,,,,,,6192.0,,-9954.0,-9954.0,,,,,,0.0,,,,,,,,,,,,,,,,,,,523.0,,3239.0,,,,0.0,,,440957.0,142.0,440957.0,,,,-9954.0,,23000.0,,,123104.0,6192.0,-6192.0,,,,,,,,,-3762.0,,,-3762.0,,,,,0.001,175000000.0,0.0,0.0,0.0,,,,,,,,,,,,,,0.0,,0.0,0.0,,-440815.0,,,,,,,,,,,,10368500.0
2013-12-31,2014-04-14,10-K,NEW MOMENTUM CORPORATION,NNAX,CIK0001132509,USD,,,,,208645.0,0.09,,8250.0,,,,,8713.0,,110533.0,,,,0.0,546870.0,117.0,117.0,,,117.0,-20.0,,,,,0.001,500000000.0,10368500.0,10368500.0,10369.0,,,,,,-16894.0,,0.0,,180681.0,,-180681.0,0.0,0.0,572014.0,,,,74517.0,,-0.01,0.34,,,,,,,,34890.0,,,-49688.0,,,,,,0.0,0.0,0.0,,16894.0,,16921.0,,,14797.0,,,0.0,17950.0,,,,,,-2070.0,2070.0,-12728.0,0.0,,,0.0,,,451229.0,117.0,451229.0,17950.0,0.0,-17970.0,-49688.0,,23000.0,,,128104.0,34890.0,-34890.0,,,,531415.0,,,,,,,,-14798.0,,,0.0,,0.001,175000000.0,0.0,0.0,0.0,,,,,0.0,,,,,,,,0.09,0.0,-572014.0,0.0,0.0,,-451112.0,,,,,,,,,,,,10368500.0
2014-03-31,2014-05-20,10-Q,NEW MOMENTUM CORPORATION,NNAX,CIK0001132509,USD,,,,,208660.0,,,8250.0,,,,,9223.0,,110533.0,,,,0.0,,117.0,117.0,,,117.0,0.0,,,,,0.001,500000000.0,10368500.0,10368500.0,10369.0,,,,,,,,,,,,,0.0,0.0,584720.0,,,,77873.0,,0.0,,,,,,,,0.0,8840.0,,,-12706.0,,,,,,0.0,,0.0,,,,15.0,,,3866.0,,0.0,0.0,8825.0,,,,,,510.0,,3356.0,0.0,,,0.0,,,,117.0,463935.0,8825.0,0.0,-8825.0,-12706.0,,23000.0,,,136929.0,8840.0,-8840.0,,,,,,,,,-3866.0,0.0,,-3866.0,,,0.0,,0.001,175000000.0,0.0,0.0,0.0,,,,,0.0,,,,,,,,0.09,0.0,,0.0,0.0,,-463818.0,,,,,,,,,,,,10368500.0
2014-06-30,2014-08-13,10-Q,NEW MOMENTUM CORPORATION,NNAX,CIK0001132509,USD,,,,,218805.0,,,8250.0,,,,,9739.0,,110533.0,,,,,,117.0,117.0,,,117.0,,,,,,0.001,500000000.0,10368500.0,10368500.0,10369.0,,,,,,,,,,,,,0.0,,608409.0,,,,81601.0,,-0.01,,,,,,,,,19445.0,,,-23689.0,,,,,,0.0,,,,,,,,,,,,,4400.0,,,,,,516.0,,3728.0,,,,0.0,,,487624.0,117.0,487624.0,,,,-23689.0,,23000.0,,,146229.0,19445.0,-19445.0,,,,,,,,,-4244.0,0.0,,-4244.0,,,,,0.001,175000000.0,0.0,0.0,0.0,,,,,,,,,,,,,0.09,0.0,,0.0,0.0,,-487507.0,,,,,,,,,,,,10368500.0
2014-09-30,2014-11-14,10-Q,NEW MOMENTUM CORPORATION,NNAX,CIK0001132509,USD,,,,,224718.0,,,8250.0,,,,,10261.0,,110533.0,,,,,,67.0,67.0,,,67.0,,,,,,0.001,500000000.0,10368500.0,10368500.0,10369.0,,,,,,,,,,,,,,,,,,,85473.0,,-0.01,,,,,,,,,10963.0,,,-15357.0,,,,,,0.0,,,,,,,,,,,,,,,,,,,522.0,,3872.0,,,,,,,502931.0,67.0,502931.0,,,,-15357.0,,23000.0,,,151229.0,10963.0,-10963.0,,,,,,,,,-4394.0,0.0,,,,,,,0.001,175000000.0,0.0,0.0,0.0,,,,,,,,,,,,,,,-623766.0,0.0,0.0,,-502864.0,,,,,,,,,,,10368500.0,10368500.0
2014-12-31,2015-04-17,10-K,NEW MOMENTUM CORPORATION,NNAX,CIK0001132509,USD,,10783.0,,,237707.0,0.09,,8250.0,,,,,10783.0,,110533.0,,,,,,0.0,0.0,,0.0,0.0,-117.0,,,,,0.001,500000000.0,10368500.0,10368500.0,10369.0,,,,,,-30145.0,0.09,0.0,,210827.0,,210827.0,,,,,,,89506.0,,-0.01,0.34,,,,,,,,71604.0,,,-88663.0,,,,,,0.0,0.0,0.0,,30145.0,,29062.0,,,17059.0,,,,42425.0,,,,,,14989.0,2070.0,14989.0,0.0,,10783.0,,,,,0.0,539775.0,42425.0,,-42542.0,-88663.0,,23000.0,42425.0,0.0,205348.0,71604.0,-71604.0,,,,620078.0,,,,,,,,-17059.0,,,,,0.001,175000000.0,0.0,0.0,0.0,,,,,,,,,,,,,0.09,,-660677.0,0.0,0.0,,-539775.0,,,,,,,,,,,,10368500.0
2015-03-31,2015-05-20,10-Q,NEW MOMENTUM CORPORATION,NNAX,CIK0001132509,USD,,,,,0.0,,,0.0,,,,,0.0,,413349.0,,,,,,0.0,0.0,,,0.0,0.0,,,,,0.001,500000000.0,10368500.0,10368500.0,10369.0,,,,,,,,,,,,,,,,,,,0.0,,0.02,0.34,,,,236959.0,,,-236959.0,8000.0,,,228959.0,,,,,,0.0,,0.0,,,,0.0,,,0.0,,8000.0,,0.0,,,,,,0.0,,0.0,0.0,,,,,,,0.0,8000.0,8000.0,,-8000.0,228959.0,,0.0,,8000.0,0.0,8000.0,-8000.0,,,,,,,,,236959.0,236959.0,,236959.0,,,,,0.001,175000000.0,0.0,0.0,0.0,,,,,,,,,8000.0,,,,,,-431718.0,0.0,0.0,,-8000.0,,,,,,,,,,,,10368500.0
2015-06-30,2015-08-14,10-Q,NEW MOMENTUM CORPORATION,NNAX,CIK0001132509,USD,,,,,0.0,,,0.0,,,,,0.0,,413349.0,,,,,,0.0,0.0,,,0.0,,,,,,0.001,500000000.0,10368500.0,10368500.0,10369.0,,,,,,,,,,,,,,,,,,,0.0,,-0.01,,,,,,,,,8000.0,,,-8000.0,,,,,,0.0,,,,,,,,,,,,,,,,,,,0.0,,0.0,,,,,,,,0.0,16000.0,,,,-8000.0,,0.0,,16000.0,0.0,8000.0,-8000.0,,,,,,,,,0.0,0.0,,,,,,,0.001,175000000.0,0.0,0.0,0.0,,,,,,,,,,,,,,,-439718.0,0.0,0.0,,-16000.0,,,,,,,,,,,,10368500.0
2015-09-30,2015-11-20,10-Q,NEW MOMENTUM CORPORATION,NNAX,CIK0001132509,USD,,0.0,,,0.0,,,0.0,,,,,9000.0,,413349.0,,,,,,0.0,0.0,,0.0,0.0,,,,,,0.001,500000000.0,10368500.0,10368500.0,10369.0,,,,,,,,,,,,,,,,,,,0.0,,-0.002,,,,,,,,,21000.0,,,-21000.0,,,,,,0.0,,,,,,,,,,,,,,,,,,,0.0,,0.0,,,,,,,,0.0,37000.0,,,,-21000.0,,0.0,,28000.0,0.0,21000.0,-21000.0,,,,,,,,,0.0,0.0,,,,,,,0.001,175000000.0,0.0,0.0,0.0,,,,,,,,,,,,,,,-460718.0,0.0,0.0,0.001,-37000.0,,,,,,,,,,,10368500.0,10368500.0
2015-12-31,2016-06-24,10-K,NEW MOMENTUM CORPORATION,NNAX,CIK0001132509,USD,,,,,,,,,,,,14520.0,,,413349.0,,,,,,312294.0,312394.0,,,1894.0,1894.0,,,302816.0,,0.001,500000000.0,310868500.0,310868500.0,310869.0,,,,,,56976.0,,,-56976.0,153851.0,56976.0,153851.0,,,,,,,66758.0,,0.0021,0.34,,,300500.0,236959.0,,,,69384.0,,,167575.0,,,,,,,,,,-56976.0,,-245957.0,,,100289.0,14520.0,,-23000.0,-170529.0,-170529.0,,,,10000.0,,,0.0,,,,,,,,312394.0,81278.0,176045.0,,-174151.0,167575.0,,,,,302816.0,69384.0,-69384.0,,,,452503.0,,,,,,,,236959.0,,10000.0,,,0.001,175000000.0,0.0,0.0,,10000.0,,,,300500.0,302816.0,,302816.0,66758.0,,,167575.0,,,-493102.0,,,,231116.0,,,,,,,0.0,,,,,80347952.0
2016-03-31,2016-07-08,10-Q,NEW MOMENTUM CORPORATION,NNAX,CIK0001132509,USD,,,,,,,,,,,,20520.0,,,413349.0,,,,,,310653.0,310653.0,,,153.0,-1741.0,,,,,0.001,500000000.0,310868500.0,310868500.0,310869.0,,,,,,,,,9432.0,163283.0,-9432.0,163283.0,,,,,,,86758.0,,0.0,0.34,,,,,,,,27741.0,,,-27741.0,,,,,,,,,,,,,,,,6000.0,,,,,,,,,,,,,,,,,,,310653.0,107278.0,20000.0,,-21741.0,-27741.0,,,,,0.0,27741.0,-27741.0,,,,480244.0,,,,,,,,,,10000.0,,,0.001,175000000.0,0.0,0.0,,,,,,,,,,20000.0,,,,,,-520843.0,,,,203375.0,,,,,,,,,,,310868500.0,310868500.0
2016-06-30,2016-08-22,10-Q,NEW MOMENTUM CORPORATION,NNAX,CIK0001132509,USD,,,11000.0,,,,,,,,,24520.0,,,413349.0,,,,,,310653.0,310653.0,,,153.0,,,,,,0.001,500000000.0,310868500.0,310868500.0,310869.0,,,,,,,,,14532.0,163283.0,-14532.0,163283.0,,,,,,,86758.0,,0.0,,,,,,,,,15000.0,,,-15000.0,,,,,,,,,,,,,,,,,,,,,,,,,,,,,,,,,,,310653.0,122278.0,,,,-15000.0,,,,,0.0,15000.0,-15000.0,,,,495244.0,,,,,,,,,,10000.0,,,0.001,175000000.0,0.0,0.0,,,,,,,,,,,,,,,,-535843.0,,,,188375.0,,,,,,,,,,,310868500.0,310868500.0
2016-09-30,2016-11-23,10-Q,NEW MOMENTUM CORPORATION,NNAX,CIK0001132509,USD,,,,,,,,,,,,13107.0,,,413349.0,,,,,,198482.0,198482.0,,,,,,,,,0.001,500000000.0,310868500.0,310868500.0,310869.0,,,,,,,,,15552.0,169403.0,-15552.0,169403.0,,,,,,,,,0.0,,,,,,,,,3000.0,,,-3000.0,,,,,,,,,,,,,,,,,,,,,,,,,,,,,,,,,,,198482.0,13107.0,,,,-3000.0,,,,,0.0,3000.0,-3000.0,,,,498244.0,,,,,,,,,,10000.0,,,0.001,175000000.0,0.0,0.0,,,,,,,,,,,,,,,,-538843.0,,,,185375.0,,,,,,,,,,,310868500.0,310868500.0
2016-12-31,2017-03-30,10-K,NEW MOMENTUM CORPORATION,NNAX,CIK0001132509,USD,,,,,,,,,,,,20000.0,,,413349.0,,,,,,198452.0,198452.0,,,,-1894.0,,,,,0.001,500000000.0,310868500.0,310868500.0,310869.0,,,,,,,,,17906.0,171757.0,-17906.0,171757.0,,,,,,,0.0,,-0.0001,0.68,,,,,,,,52664.0,,,-52664.0,,,,,,,,,,17906.0,-17906.0,,,,,5480.0,,,,,,,,10000.0,,,,,,,,,,,198452.0,20000.0,233742.0,,-235636.0,-52664.0,,,,,0.0,52664.0,-52664.0,,,,505167.0,,,,,,,,,,20000.0,,,0.001,175000000.0,0.0,0.0,,20000.0,,,,,,,,-66758.0,,,-52664.0,,,-545766.0,,,,178452.0,,,,,,,,,,,310868500.0,310868500.0
2017-03-31,2017-05-18,10-Q,NEW MOMENTUM CORPORATION,NNAX,CIK0001132509,USD,,,,,,,,,,,,22351.0,,,413349.0,,,,,,194803.0,194803.0,,,,,,,,,0.001,500000000.0,310868500.0,310868500.0,310869.0,,,,,,,,,,165323.0,,165323.0,,,,,,,0.0,,0.0,0.34,,,,,,,,6000.0,,,-6000.0,,,,,,,,,,20447.0,-20447.0,,,,,2351.0,,,,,,,,-2500.0,,,,,,,,,,,194803.0,22351.0,,,,-6000.0,,,,,0.0,6000.0,-6000.0,,,,486244.0,,,,,,,,,,17500.0,,,,,,,,,,,,,,,,,,,,,,-551766.0,,,,172452.0,,,,,,,,,,,310868500.0,
2017-06-30,2017-08-21,10-Q,NEW MOMENTUM CORPORATION,NNAX,CIK0001132509,USD,,,,,,,,,,,,13806.0,,,413349.0,,,,,,170258.0,170258.0,,,,,,,,,0.001,500000000.0,310868500.0,310868500.0,310869.0,,,,,,,,,,170763.0,,170763.0,,,,,,,,,0.0,,,,,,,,,16000.0,,,-16000.0,,,,,,,,,,,,,,,,,,,,,,,,,,,,,,,,,,,170258.0,13806.0,,,,-16000.0,,,,,0.0,16000.0,-16000.0,,,,502244.0,,,,,,,,,,5000.0,,,,,,,,,,,,,,,,,,,,,,-567766.0,,,,156452.0,,,,,,,,,,,310868500.0,
2017-09-30,2017-11-13,10-Q,NEW MOMENTUM CORPORATION,NNAX,CIK0001132509,USD,,,,,,,,,,,,9500.0,,,413349.0,,,,,,155889.0,155889.0,,,,,,,,,0.001,500000000.0,310868500.0,310868500.0,310869.0,,,,,,,,,,192204.0,,192204.0,,,,,,,,,0.0,,,,,,,,,10063.0,,,-10063.0,,,,,,,,,,,,,,,,,,,,,,,,,,,,,,,,,,,155889.0,9500.0,,,,-10063.0,,,,,0.0,10063.0,-10063.0,,,,530307.0,,,,,,,,,,2500.0,,,,,,,,,,,,,,,,,,,,,,-577829.0,,,,146389.0,,,,,,,,,,,310868500.0,
2017-12-31,2018-04-16,10-K,NEW MOMENTUM CORPORATION,NNAX,CIK0001132509,USD,,,,,,,,,,,,25000.0,,,413349.0,,,,,,143314.0,143314.0,,,,,,,,,0.001,500000000.0,310868500.0,310868500.0,310869.0,,,,,,,,,,192204.0,,192204.0,,,,,,,,,-0.0002,0.34,,,,,,,,60138.0,,,-60138.0,,,,,,,,,,20447.0,-20447.0,,,,,5000.0,,,,,,,,-8000.0,,,,,,,,,,,143314.0,25000.0,,,,-60138.0,,,,,,60138.0,-60138.0,,,,565305.0,,,,,,,,,,,,,,,,,,12000.0,,,,,,,,,,,-60138.0,,,-605904.0,,,,118314.0,,,,,,,,,,,310868500.0,
2018-03-31,2018-05-17,10-Q,NEW MOMENTUM CORPORATION,NNAX,CIK0001132509,USD,,,,,,,,,,,,29000.0,,,413349.0,,,,,,139656.0,139656.0,,,,,,,,,0.001,500000000.0,310868500.0,310868500.0,310869.0,,,,,,,,,,143241.0,,143241.0,,,,,,,,,0.0,0.25,,,,,,,,7658.0,,,-7658.0,,,,,,,,,,1915.0,-1915.0,,,,,4000.0,,,,,,,,-3000.0,,,,,,,,,,,139656.0,29000.0,,,,-7658.0,,,,,,7658.0,-7658.0,,,,572963.0,,,,,,,,,,,,,,,,,,9000.0,,,,,,,,,,,,,,-613562.0,,,,110656.0,,,,,,,,,,,310868500.0,
2018-06-30,2018-08-20,10-Q,NEW MOMENTUM CORPORATION,NNAX,CIK0001132509,USD,,,,,,,,,,,,26500.0,,,413349.0,,,,,,130644.0,130644.0,,,,,,,,,0.001,500000000.0,310868500.0,310868500.0,310869.0,,,,,,,,,,121690.0,,121690.0,,,,,,,,,0.0,,,,,,,,,6512.0,,,-6512.0,-6512.0,,,,,,,,,,,,,,,,,,,,,,,,,,,,,,,,,,130644.0,26500.0,,,,-6512.0,,,,,,6512.0,-6512.0,,,,579475.0,,,,,,,,,,,,,,,,,,6000.0,,,,,,,,,,,,,,-620074.0,,,,104144.0,,,,,,,,,,,310868500.0,
2018-09-30,2018-11-13,10-Q,NEW MOMENTUM CORPORATION,NNAX,CIK0001132509,USD,,,,,,,,,,,,6000.0,,,413349.0,,,,,,90694.0,90694.0,,,,,,,,,0.001,500000000.0,310868500.0,310868500.0,310869.0,,,,,,,,,,131480.0,,131480.0,,,,,,,,,-0.0001,,,,,,,,,19450.0,,,-19450.0,,,,,,,,,,,,,,,,,,,,,,,,,,,,,,,,,,,90694.0,6000.0,,,,-19450.0,,,,,,19450.0,-19450.0,,,,598925.0,,,,,,,,,,,,,,,,,,3000.0,,,,,,,,,,,,,,-639524.0,,,,84694.0,,,,,,,,,,,310868500.0,
2018-12-31,2019-03-27,10-K,NEW MOMENTUM CORPORATION,NNAX,CIK0001132509,USD,,,,,,,,,,,0.0,29000.0,,,413349.0,,,,,,86528.0,86528.0,,,5111.0,,,,,,0.001,500000000.0,310868500.0,310868500.0,310869.0,,,,,,,,,,131480.0,,-131480.0,,,,,,,0.0,,-0.0002,0.21,,,86528.0,,,,,60786.0,,,-60786.0,,,,,,,,,,12765.0,-12765.0,,,,,4000.0,,,,,,,,12000.0,,,,,,,,,,,86528.0,29000.0,,,,-60786.0,,,,0.0,,60786.0,-60786.0,,,,626094.0,,,,,,,,,,,,,0.001,175000000.0,0.0,0.0,,,,,,,,,,,,,-60786.0,,,-666690.0,,,,-65889.0,,,,,,,,,,,310868500.0,
2019-03-31,2019-05-14,10-Q,NEW MOMENTUM CORPORATION,NNAX,CIK0001132509,USD,,,,,,,,,,,,28444.0,,,413349.0,,,,,,78911.0,78911.0,,,,,,,,,0.001,500000000.0,310868500.0,310868500.0,310869.0,,,,,,,,,,132963.0,,132963.0,,,,,,,,,0.0,0.21,,,,,,,,7061.0,,,-7061.0,,,,,,,,,,10043.0,-10043.0,,,,,-556.0,,,,,,,,,,,,,,,,,,,78911.0,28444.0,,,,-7301.0,,,,,,7061.0,-7061.0,,,,633155.0,,,,,,,,,,,,,,,,,,,,,,,,,,,,,-7061.0,,,-673751.0,,,,-73162.0,,,,,,,,,,,310868500.0,
2019-06-30,2019-08-08,10-Q,NEW MOMENTUM CORPORATION,NNAX,CIK0001132509,USD,,,,,,,,,,,,7000.0,,,413349.0,,,,,,45974.0,45974.0,,,,,0.0,,,,0.001,500000000.0,310868500.0,310868500.0,310869.0,,,,,,,,,,135376.0,,-135376.0,,,,,,,0.0,,0.0,,,,45974.0,,,,,11493.0,,,-11493.0,-11493.0,,,,,0.0,,,,,,,,,,,,,,,,,,,,,,,,,,,,,45974.0,7000.0,,,,-8967.0,,,,0.0,,11493.0,-11493.0,,,,644648.0,,,,,,,,,,,,,0.001,175000000.0,0.0,0.0,,,,,,,,,,,,,,,,-685244.0,0.0,,,-82247.0,38974.0,,,,,,,,,,310868500.0,
2019-09-30,2019-11-08,10-Q,NEW MOMENTUM CORPORATION,NNAX,CIK0001132509,USD,,,,,,,,,,,0.0,7000.0,,,413349.0,,,,,,37624.0,37624.0,,,5787.0,,,,,,0.001,500000000.0,310868500.0,310868500.0,310869.0,,,,,0.0,,,,,137130.0,,137130.0,,,,,,,,,0.0,,,,,,,,,4347.0,44.0,,-4302.0,,,,,,0.0,,,,,,,,,,,,,,,,,,,,,,,,,1.0,,,,37624.0,7000.0,,,,-4302.0,,,,,,-4347.0,-8350.0,,,,652998.0,,,126.0,-4176.0,,,,,,,,,,,,,,,,,,,,,,,,0.0,,,,-693594.0,44.0,,,-86423.0,,,,,,,,,,,10000000.0,
2019-12-31,2020-03-30,10-K,NEW MOMENTUM CORPORATION,NNAX,CIK0001132509,USD,,,,,,,,,503.0,,0.0,19700.0,,-553.0,413349.0,,,0.0,,,21317.0,21317.0,,,9343.0,4232.0,,,,0.0,0.001,500000000.0,10000000.0,10000000.0,10000.0,,0.1,,,0.0,0.0,,0.0,,141523.0,,-141523.0,,,,,83377.0,0.0,22840.0,,0.0,0.21,-182.0,,,,,,,23066.0,183.0,,-19511.0,,0.0,-19511.0,0.0,,0.0,,,0.0,10043.0,-10043.0,,-7975.0,,,-9300.0,,,,,,,7357.0,,0.0,,,,0.0,0.0,5.0,,,106899.0,21317.0,106899.0,16871.0,,-12457.0,-19511.0,-19511.0,,,,,47824.0,-22883.0,,,,16234.0,-16234.0,682.0,-182.0,-19693.0,,,,3372.0,-23066.0,,,0.0,,,,,0.0,0.0,54263.0,0.0,,,,,,,-37392.0,0.0,-19511.0,,,-95029.0,183.0,,,-85582.0,,,,,,,,,,,10000000.0,
2020-03-31,2020-05-05,10-Q,NEW MOMENTUM CORPORATION,NNAX,CIK0001132509,USD,,,,,,,,,,,0.0,20000.0,,,413349.0,,,0.0,,,21131.0,21131.0,,,16429.0,7086.0,,,,,0.001,500000000.0,310868500.0,310868500.0,310869.0,6654.0,,,,0.0,,,,,143323.0,,-143323.0,,,,,,,,,0.0,0.21,-175.0,,,,,,,3538.0,20.0,,6777.0,,,,,,0.0,,,0.0,1800.0,-1800.0,,285.0,-21.0,,300.0,,,,,,0.0,,,0.0,,,,0.0,,,,,,21131.0,20000.0,220.0,,7041.0,6777.0,,,,,,8573.0,-3538.0,,,,682491.0,,,-123.0,,,,,10295.0,,,,,,,,,,,,,,,,,,2784.0,,0.0,6777.0,,,-723087.0,20.0,,,-78928.0,,,,,,,,,,,10000000.0,
2020-06-30,2020-08-14,10-Q,NEW MOMENTUM CORPORATION,NNAX,CIK0001132509,USD,,,,,,,,,,,0.0,67000.0,,,413349.0,,,,,,5092.0,5092.0,,,16429.0,,0.0,,,,0.001,500000000.0,310868500.0,310868500.0,310869.0,-16842.0,,,,0.0,,,,,156561.0,,-156561.0,,,,,,0.0,0.0,,0.0,,,,,,,,,4180.0,2.0,-16804.0,-63029.0,,,,,,0.0,,,,,,,,,,,,,,,,,,,0.0,,,,,,,,,,5092.0,67000.0,,,,-16804.0,,,,,,63029.0,-16819.0,,,,745530.0,,,-38.0,,,,,13.0,,,,,,,,,0.0,0.0,,,,,,,,,,12639.0,-16804.0,,,-786126.0,2.0,,,-95770.0,,,,,,,,,,,10000000.0,
2020-09-30,2020-11-12,10-Q,NEW MOMENTUM CORPORATION,NNAX,CIK0001132509,USD,,,,,,,,,6163.0,,,,,-719.0,,,,,,,52008.0,52008.0,,,34067.0,,,,,0.0,0.0001,500000000.0,320868500.0,320868500.0,320869.0,-12760.0,,,,5214.0,,,,,,,,,,,,151278.0,,0.0,,0.0,,,,,,,,,8413.0,658.0,-12755.0,-12755.0,,,,,,0.0,,,,,,,,,,,,,,,,,,,0.0,,,,,,1.0,,,160538.0,52008.0,160538.0,,,,-12755.0,,,,,,-13414.0,-13414.0,,,,,,9260.0,-5.0,-12760.0,,,,1.0,,,,,,,,,0.0,,,,,,,,,,,5001.0,-12755.0,,,-428680.0,5872.0,,,-108530.0,,,,0.0,,,,,,,303973473.0,
2020-12-31,2021-03-26,10-K,NEW MOMENTUM CORPORATION,NNAX,CIK0001132509,USD,,,,0.0,,,,,374.0,,,,,-884.0,4054600.0,,,444.0,,,84823.0,84823.0,,,64496.0,55153.0,,,,0.0,0.0001,500000000.0,340268500.0,340268500.0,340269.0,,0.1,33444.0,33444.0,233757.0,0.0,,0.0,,,,,,,,,199949.0,,0.0,,-0.03,,-331.0,,,,0.0,0.0,,4111983.0,4223.0,,-4148947.0,,0.0,-4148947.0,-0.03,,0.0,,,0.0,,,,11608.0,,,,,,,,,,-8482.0,,1028.0,,,,0.0,584.0,1.0,0.0,,245683.0,84823.0,245683.0,126732.0,,-71248.0,-4148947.0,-4148947.0,,,,,,-4171773.0,,0.0,0.0,1055378.0,-1055378.0,12290.0,-331.0,-4149278.0,,,,22826.0,-4175996.0,,,280.0,,,,,0.0,,116572.0,33000.0,,,,,,,-22840.0,64013.0,-4148947.0,,,-4554845.0,237980.0,,,-160860.0,,,,0.0,,4074000.0,,,,,165747163.0,
2021-03-31,2021-05-24,10-Q,NEW MOMENTUM CORPORATION,NNAX,CIK0001132509,USD,,,,,,,,,487.0,,,,,-575.0,4054600.0,,,667.0,,,108137.0,62896.0,,,42512.0,-21984.0,,,,0.0,0.001,500000000.0,340268500.0,340268500.0,340269.0,-39099.0,,34111.0,,337826.0,,,,,,,,,,,,218840.0,,,,0.0,,365.0,,,,24827.0,19310.0,,18475.0,1123.0,,-39408.0,,,,,,0.0,,,0.0,,,,-1282.0,-113.0,,,,,,,,632.0,,,2172.0,,,,0.0,1458.0,,44137.0,,308096.0,108137.0,288786.0,12117.0,,-34466.0,-39408.0,,,,,,,-38359.0,27034.0,24827.0,45241.0,,,11008.0,309.0,,,,,-2172.0,,,,,,,,,0.0,,,,,,,,,0.0,,19884.0,-39408.0,,,-4594253.0,338949.0,,,-199959.0,,,,,,,,,,,340268500.0,
2021-06-30,2021-08-17,10-Q,NEW MOMENTUM CORPORATION,NNAX,CIK0001132509,USD,,,,,,,,,608.0,,,,,435.0,4265165.0,,,,,,78918.0,38656.0,0.2781,,18127.0,,,,,0.0,0.001,500000000.0,171418500.0,171418500.0,171419.0,-95384.0,,34777.0,,327607.0,,,,,,,,,,,,245196.0,,,,0.0,,,,,,25163.0,12889.0,,62023.0,1218.0,-96394.0,,,,,,,0.0,,,,,,,,,,,,,,,,,,,2170.0,,,,,,,38052.0,41715.0,322546.0,78918.0,319657.0,,,,-96394.0,,,,,,,-95442.0,27066.0,,40262.0,,,14521.0,1010.0,,,,,-2170.0,,,,,,,,,0.0,,,,,,,,,,,33419.0,-96394.0,,,-4690647.0,328825.0,,,-253628.0,,,,,,,,41715.0,0.0,,340268500.0,
2021-09-30,2021-11-15,10-Q,NEW MOMENTUM CORPORATION,NNAX,CIK0001132509,USD,,,,502.0,,,,,753.0,,,,,7360.0,4278506.0,,,,,,88434.0,57066.0,0.2781,,36578.0,,,,,0.0,0.0001,500000000.0,171913500.0,171913500.0,171914.0,-19123.0,,21164.0,,299107.0,,,,,,,,,,,,277007.0,,,,0.0,,,,,,25400.0,6427.0,,23784.0,1390.0,-26048.0,,,,,,,0.0,,,,,,,,,,,,,,,,,,,1143.0,,,,,,0.0,31827.0,,347349.0,88434.0,340922.0,,,,-26048.0,,,,,,,-26295.0,26992.0,,31368.0,,,16849.0,6925.0,,,,,-1143.0,,,,,,,,,0.0,,,,,,,,,,,2511.0,-26048.0,,,-4716695.0,300497.0,,,-258915.0,,,,,13836.0,,,,,,171576326.0,
