end,filed,form,Name,Ticker,CIK,Currency,AccountsPayableAndAccruedLiabilitiesCurrent,AccountsPayableRelatedPartiesCurrentAndNoncurrent,AccountsReceivableGrossCurrent,AccountsReceivableNetCurrent,AccruedLiabilitiesCurrentAndNoncurrent,AccruedSalariesCurrent,AccumulatedOtherComprehensiveIncomeLossNetOfTax,AdditionalPaidInCapital,Assets,AssetsCurrent,AssetsNoncurrent,Cash,CashAndCashEquivalentsPeriodIncreaseDecrease,CommonStockParOrStatedValuePerShare,CommonStockSharesAuthorized,CommonStockSharesIssued,CommonStockSharesOutstanding,CommonStockValue,ComprehensiveIncomeNetOfTax,CostOfRevenue,CumulativeTranslationAdjustmentNetOfTaxPeriodIncreaseDecrease,CustomerDepositsCurrent,DebtConversionConvertedInstrumentAmount1,DebtConversionConvertedInstrumentSharesIssued1,DebtInstrumentConvertibleConversionRatio1,DeferredTaxAssetsGross,DeferredTaxAssetsNet,DeferredTaxAssetsValuationAllowance,DepositsAssetsNoncurrent,DepositsAssetsNoncurrent,Depreciation,DepreciationAndAmortization,DevelopmentStageEnterpriseDeficitAccumulatedDuringDevelopmentStage,DueFromRelatedPartiesCurrent,DueToOtherRelatedPartiesClassifiedCurrent,DueToOtherRelatedPartiesClassifiedCurrent,DueToRelatedPartiesCurrent,DueToRelatedPartiesCurrentAndNoncurrent,EarningsPerShareBasicAndDiluted,EarningsPerShareDiluted,EquityMethodInvestmentOwnershipPercentage,ForeignCurrencyTransactionGainLossBeforeTax,ForeignCurrencyTransactionGainLossUnrealized,GainsLossesOnExtinguishmentOfDebt,GeneralAndAdministrativeExpense,GrossProfit,IncomeLossFromContinuingOperationsBeforeIncomeTaxesMinorityInterestAndIncomeLossFromEquityMethodInvestments,IncomeTaxExpenseBenefit,IncomeTaxesPaid,IncreaseDecreaseInAccountsPayableAndAccruedLiabilities,IncreaseDecreaseInAccountsPayableRelatedParties,IncreaseDecreaseInAccountsReceivable,IncreaseDecreaseInCustomerDeposits,IncreaseDecreaseInDepositOtherAssets,IncreaseDecreaseInDueToRelatedParties,IncreaseDecreaseInDueToRelatedPartiesCurrent,IncreaseDecreaseInInventories,IncreaseDecreaseInOtherOperatingLiabilities,IncreaseDecreaseInOtherReceivables,IncreaseDecreaseInPrepaidExpense,InterestAndDebtExpense,InterestExpense,InterestIncomeExpenseNet,InterestPaid,LeaseAndRentalExpense,LeaseAndRentalExpense,Liabilities,LiabilitiesAndStockholdersEquity,LiabilitiesCurrent,MinorityInterestOwnershipPercentageByNoncontrollingOwners,NetCashProvidedByUsedInFinancingActivities,NetCashProvidedByUsedInInvestingActivities,NetCashProvidedByUsedInOperatingActivities,NetIncomeLoss,NonoperatingIncomeExpense,OperatingExpenses,OperatingIncomeLoss,OperatingLeasesFutureMinimumPaymentsDue,OperatingLeasesFutureMinimumPaymentsDueCurrent,OperatingLeasesFutureMinimumPaymentsDueInFiveYears,OperatingLeasesFutureMinimumPaymentsDueInFourYears,OperatingLeasesFutureMinimumPaymentsDueInThreeYears,OperatingLeasesFutureMinimumPaymentsDueInTwoYears,OperatingLeasesFutureMinimumPaymentsDueThereafter,OperatingLeasesFutureMinimumPaymentsRemainderOfFiscalYear,OperatingLossCarryforwards,OtherAccountsPayableAndAccruedLiabilities,OtherComprehensiveIncomeForeignCurrencyTransactionAndTranslationAdjustmentNetOfTaxPortionAttributableToParent,OtherComprehensiveIncomeLossForeignCurrencyTransactionAndTranslationAdjustmentNetOfTax,OtherExpenses,OtherNonoperatingIncome,OtherReceivablesNetCurrent,PaymentsToAcquireLongtermInvestments,PaymentsToAcquireMachineryAndEquipment,PaymentsToAcquireRestrictedInvestments,PaymentsToDevelopSoftware,PrepaidExpenseCurrent,ProceedsFromInterestReceived,ProceedsFromIssuanceOfCommonStock,ProceedsFromPaymentsForLongTermLoansForRelatedParties,ProceedsFromRelatedPartyDebt,ProceedsFromSaleOfPropertyPlantAndEquipment,PropertyPlantAndEquipmentNet,ProvisionForDoubtfulAccounts,RelatedPartyTransactionAmountsOfTransaction,RelatedPartyTransactionAmountsOfTransaction,RepaymentsOfRelatedPartyDebt,RestrictedCashAndInvestments,RetainedEarningsAccumulatedDeficit,RevenueFromContractWithCustomerIncludingAssessedTax,Revenues,ShareBasedCompensation,StockholdersEquity,StockIssuedDuringPeriodValueConversionOfConvertibleSecurities,StockIssuedDuringPeriodValueNewIssues,WeightedAverageNumberOfShareOutstandingBasicAndDiluted,WeightedAverageNumberOfSharesOutstandingBasic,CashCashEquivalentsRestrictedCashAndRestrictedCashEquivalentsPeriodIncreaseDecreaseIncludingExchangeRateEffect,DebtSecuritiesGainLoss,ForeignCurrencyExchangeRateTranslation1,ForeignCurrencyExchangeRateTranslation1,IncomeLossFromContinuingOperationsBeforeIncomeTaxesExtraordinaryItemsNoncontrollingInterest,LesseeOperatingLeaseLiabilityPaymentsDueNextTwelveMonths,LesseeOperatingLeaseLiabilityPaymentsDueYearFive,LesseeOperatingLeaseLiabilityPaymentsDueYearFour,LesseeOperatingLeaseLiabilityPaymentsDueYearThree,LesseeOperatingLeaseLiabilityPaymentsDueYearTwo,OperatingLeaseExpense,OperatingLeaseExpense,IncreaseDecreaseInPrepaidDeferredExpenseAndOtherAssets
2010-06-30,2010-10-04,10-K,W&E Source Corp.,WESC,CIK0001368275,USD,,,,,,,,,,,,28601.0,,,,,,,,,,,,,,,,,,,,,,,,,,,,,,,,,,,,,,,,,,,,,,,,,,,,,,,,,,,,,,,,,,,,,,,,,,,,,,,,,,,,,,,,,,,,,,,,,,,,,-9981.0,,,,,,,,,,,,,,,,,
2010-09-30,2010-11-22,10-Q,W&E Source Corp.,WESC,CIK0001368275,USD,,,,,,,,,,,,28741.0,140.0,,,,,,-4649.0,,597.0,,,,,,,,,,,,,,,,,,,0.0,,-189.0,,,5057.0,,,,0.0,,,,,,,,,,,,,,0.0,0.0,,,,,,,100.0,,-557.0,-5246.0,,5246.0,,,,,,,,,,,,,,4689.0,,,,,,,,,0.0,,100.0,,,,,,,,,,0.0,,,,,,25900000.0,,,,,,,,,,,,,
2010-12-31,2011-02-18,10-Q,W&E Source Corp.,WESC,CIK0001368275,USD,,,,,,,,,,,,21915.0,,,,,,,-1515.0,,457.0,,,,,,,,,,,,,,,,,,,0.0,,-502.0,,,1470.0,,,,,,,,,,,,,,,,,,0.0,,,,,,,,,,,-1972.0,,,,,,,,,,,,,,,,,,,,,,,,,,,,,,,,,,,,,0.0,,,,,,25900000.0,,,,,,,,,,,,,
2011-03-31,2011-05-16,10-Q,W&E Source Corp.,WESC,CIK0001368275,USD,,,,,,,,,,,,17293.0,,,,,,,-4504.0,,-336.0,,,,,,,,,,,,,,,,,,,0.0,,-53.0,,,4115.0,,,,,,,,,,,,,,,,,,0.0,,,,,,,,,,,-4168.0,,,,,,,,,,,,,,,,,,,,,,,,,,,,,,,,,,,,,0.0,,,,,,25900000.0,,,,,,,,,,,,,
2011-06-30,2011-10-13,10-K,W&E Source Corp.,WESC,CIK0001368275,USD,5878.0,0.0,,0.0,5878.0,,1677.0,173695.0,14013.0,14013.0,,14013.0,-14588.0,0.0001,500000000.0,25900000.0,25900000.0,2590.0,-11917.0,,1047.0,0.0,,,,,,,,0.0,0.0,0.0,199860.0,,,,,30033.0,0.0,,,-674.0,,,12290.0,,,,0.0,-3620.0,0.0,0.0,0.0,0.0,,,,,,-250.0,,,,0.0,,,35911.0,14013.0,35911.0,,699.0,0.0,-16334.0,-12964.0,674.0,12290.0,-12290.0,,,,,,,,,,,,1047.0,,,0.0,,,,,0.0,,0.0,,699.0,0.0,0.0,,,,,,-199860.0,,0.0,,-21898.0,,,,25900000.0,,,,,,,,,,,,,
2011-09-30,2011-11-14,10-Q,W&E Source Corp.,WESC,CIK0001368275,USD,,,,,6044.0,,1655.0,173695.0,4201.0,,,4201.0,-9812.0,0.0001,25900000.0,25900000.0,25900000.0,2590.0,-9978.0,,-22.0,,,,,,,,,,0.0,,209816.0,,,,,30033.0,0.0,0.0,,-69.0,,,9887.0,,,,0.0,166.0,,0.0,0.0,0.0,,,,,,0.0,,,0.0,0.0,,,36077.0,4201.0,,,0.0,,-9790.0,-9956.0,-69.0,9887.0,-9887.0,,,,,,,,,,,-22.0,,166.0,,,,,0.0,,,,0.0,,0.0,,,,,,,,,,0.0,,-31876.0,,,,25900000.0,,,,,,,,,,,,,
2011-12-31,2012-02-10,10-Q,W&E Source Corp.,WESC,CIK0001368275,USD,9367.0,6769.0,,,,,1734.0,173695.0,70984.0,66984.0,,65831.0,,0.0001,500000000.0,25900000.0,25900000.0,2590.0,-39196.0,,79.0,,,,,,,,,4000.0,,,249091.0,,,,,125920.0,0.0,0.0,,0.0,,,39275.0,,,,,,,,,,,,,,,,,,0.0,,,,142056.0,70984.0,,,,,,-39275.0,0.0,39275.0,,,,,,,,,,,,79.0,,,,161.0,,,,,992.0,,,,,,,,,,,,,,0.0,,-71072.0,,,,25900000.0,,,,,,,,,,,,,
2012-03-31,2012-05-14,10-Q,W&E Source Corp.,WESC,CIK0001368275,USD,13781.0,7824.0,,,,,2030.0,801495.0,478146.0,419632.0,,393735.0,,0.0001,500000000.0,47900000.0,47900000.0,4790.0,-163740.0,,296.0,,,,,,,,,20302.0,,,413127.0,,,,,61353.0,0.0,0.0,,0.0,,,164050.0,0.0,-164036.0,0.0,,,,,,,,,,,,,,,14.0,,,,82958.0,478146.0,,,,,,-164036.0,14.0,164050.0,,,,,,,,,,,,296.0,,,,452.0,,,,,25445.0,,,,,,38212.0,,,,,,,,0.0,,395188.0,,,,33113115.0,,,,,,,,,,,,,
2012-06-30,2012-10-11,10-K,W&E Source Corp.,WESC,CIK0001368275,USD,16842.0,612.0,1380.0,1380.0,,,400.0,803226.0,422924.0,353048.0,,327215.0,313202.0,0.0001,500000000.0,47900000.0,47900000.0,4790.0,-306586.0,,-1277.0,8225.0,,,,,,,,35035.0,5619.0,5619.0,,,,,,93998.0,-0.01,,,-69.0,,,308889.0,,-305309.0,0.0,0.0,10964.0,612.0,1380.0,8225.0,35035.0,,,,,,24453.0,,,0.0,0.0,,,109087.0,422924.0,119677.0,,695696.0,-40460.0,-340757.0,-305309.0,-69.0,308889.0,-305240.0,,,,,,,,,,,-1277.0,-1277.0,,,,,40460.0,,,24453.0,,630000.0,,63965.0,0.0,34841.0,,,,,0.0,-505169.0,,3649.0,,303247.0,,630000.0,,34976503.0,,,,,,,,,,,,,
2012-09-30,2012-11-19,10-Q,W&E Source Corp.,WESC,CIK0001368275,USD,11556.0,0.0,533.0,,,,-1114.0,803226.0,124963.0,55813.0,,356281.0,29065.0,0.0001,500000000.0,47900000.0,47900000.0,4790.0,-46575.0,,6409.0,0.0,,,,,,,,37686.0,3290.0,,,,,,,157736.0,-0.01,,,570.0,,,52738.0,,591.0,,0.0,-5300.0,-10367.0,-724.0,-8225.0,2651.0,,,,,,-24034.0,,,21.0,0.0,,,,124963.0,169292.0,,55232.0,106.0,-32682.0,-45062.0,591.0,52738.0,-45653.0,,,,,,,,,,,-1513.0,,,,,,,301000.0,,0.0,,,,56887.0,106.0,31464.0,,,,0.0,301000.0,-550231.0,,7085.0,,-44329.0,,,,47900000.0,,,,,,,,,,,,,
2012-12-31,2013-02-14,10-Q,W&E Source Corp.,WESC,CIK0001368275,USD,4975.0,0.0,298.0,,,,-1098.0,803226.0,419410.0,355897.0,,355599.0,,0.0001,500000000.0,47900000.0,,4790.0,-84532.0,,,9466.0,,,,,,,,35420.0,,,,,,,,232829.0,0.0,,,0.0,,,88719.0,,-84135.0,,,,,,,,,,,,,,,,0.0,,,,247270.0,419410.0,,,,,,-84135.0,0.0,88719.0,-84135.0,,,,,,,,,,,-397.0,,,,,,,,,0.0,,,,,,28093.0,,,,,,-634777.0,,4584.0,,172140.0,,,47900000.0,47900000.0,,,,,,,,,,,,,
2013-03-31,2013-05-15,10-Q,W&E Source Corp.,WESC,CIK0001368275,USD,6883.0,0.0,0.0,,,,1207.0,803226.0,377582.0,317313.0,,317313.0,,0.0001,500000000.0,47900000.0,,4790.0,-75921.0,,,10369.0,,,,,,,,35283.0,,,,,,,,262613.0,0.0,,,-2895.0,,,78403.0,4569.0,-76729.0,0.0,,,,,,,,,,,,,,,0.0,,,,279865.0,377582.0,,,,,,-76729.0,-2895.0,78403.0,-73834.0,,,,,,,,,,,808.0,,,,,,,,,0.0,,,,,,24986.0,,,,,,-711506.0,,4569.0,,97716.0,,,47900000.0,47900000.0,,,,,,,,,,,,,
2013-06-30,2013-11-01,10-K,W&E Source Corp.,WESC,CIK0001368275,USD,10654.0,0.0,0.0,0.0,,0.0,3551.0,803226.0,278691.0,221835.0,56856.0,221835.0,-105379.0,0.0001,500000000.0,47900000.0,47900000.0,4790.0,-258062.0,0.0,1128.0,22856.0,,,,,,,,34996.0,13571.0,,,0.0,,,199996.0,199996.0,-0.01,,,-6120.0,,,279315.0,24201.0,-261213.0,0.0,0.0,-5048.0,0.0,-723.0,14961.0,0.0,0.0,,,0.0,0.0,-24700.0,,0.0,21.0,0.0,,,233506.0,278691.0,233506.0,,105690.0,109.0,-212306.0,-261213.0,-6099.0,279315.0,-255114.0,,,,,,,,,,,3151.0,3151.0,,0.0,0.0,,0.0,,,0.0,0.0,0.0,,105690.0,109.0,21860.0,,,,,,-766382.0,,24201.0,,45185.0,,,47900000.0,47900000.0,,,,,,,,,,,,,
2013-09-30,2013-11-14,10-Q,W&E Source Corp.,WESC,CIK0001368275,USD,10636.0,,,191.0,,,3576.0,803226.0,120013.0,66268.0,,66077.0,-155758.0,0.001,5000000.0,47900000.0,47900000.0,4790.0,-52477.0,,1870.0,12427.0,,,,,,,,35313.0,3458.0,,,,,,,104242.0,0.0,,,-483.0,,,61442.0,9423.0,-483.0,,0.0,-1764.0,-10567.0,0.0,0.0,,-10567.0,,,0.0,0.0,0.0,,,0.0,0.0,,,127305.0,120013.0,127305.0,,-96252.0,0.0,-61375.0,-52502.0,-52502.0,61442.0,-52019.0,,,,,,,,,,,25.0,25.0,,,,,,,,,0.0,,,0.0,0.0,18432.0,,,,96252.0,,-818884.0,,9423.0,,-7292.0,,,47900000.0,47900000.0,,,,,,,,,,,,,
2013-12-31,2014-02-14,10-Q,W&E Source Corp.,WESC,CIK0001368275,USD,28874.0,,267.0,,,,4815.0,803226.0,67509.0,34309.0,,22978.0,,0.001,500000000.0,47900000.0,47900000.0,4790.0,-64421.0,,,110347.0,,,,,,,,18103.0,,,,11064.0,,,0.0,,0.0,,,-38.0,,,70433.0,,-65659.0,,,,,,,,,,,,,,,,0.0,,,,139221.0,67509.0,139221.0,,,,,-65659.0,-38.0,,-65621.0,,,,,,,,,,,1238.0,,,,,,,,,,,,,,,15097.0,,,,,,-884543.0,,4812.0,,-71712.0,,,47900000.0,,,,,,,,,,,,,,
2014-03-31,2014-05-12,10-Q,W&E Source Corp.,WESC,CIK0001368275,USD,21170.0,,,397.0,,,1433.0,803226.0,53872.0,11524.0,,11127.0,,0.001,500000000.0,47900000.0,47900000.0,4790.0,-31138.0,,,0.0,,,,,,,,27644.0,,,,0.0,,,135574.0,,0.0,,,-3.0,,,28147.0,,-27210.0,568.0,,,,,,,,,,,,,,,20.0,,,,156744.0,53872.0,156744.0,,,,,-27778.0,17.0,,-27227.0,,,,,,,,,,,-3360.0,,,,,,,,,,,,,,,14704.0,,,,,,-912321.0,,920.0,,-102872.0,,,47900000.0,,,,,,,,,,,,,,
2014-06-30,2014-09-30,10-K,W&E Source Corp.,WESC,CIK0001368275,USD,13902.0,,,2208.0,,1528.0,-660.0,803226.0,39473.0,17259.0,22214.0,14569.0,-207265.0,0.0001,500000000.0,63438300.0,63438300.0,4790.0,-176660.0,3363.0,-4211.0,0.0,,,,,,,,14058.0,13704.0,,,0.0,,,159069.0,,0.0,,,0.0,,,198313.0,19091.0,,,0.0,3248.0,,2208.0,-22856.0,,-40927.0,,,1528.0,481.0,-20938.0,,2.0,20.0,2.0,,,174499.0,39473.0,174499.0,,0.0,0.0,-203054.0,-176000.0,3222.0,198313.0,-179222.0,,,,,,,,,,,-660.0,-4211.0,,3204.0,481.0,,,,,,20.0,0.0,,0.0,0.0,8156.0,,,,,,-942382.0,,22454.0,,-135026.0,,,47900000.0,,,,,,,,,,,,,,
2014-09-30,2014-11-14,10-Q,W&E Source Corp.,WESC,CIK0001368275,USD,4526.0,,,399.0,,3014.0,7.0,803226.0,32978.0,14982.0,17996.0,14583.0,13.0,0.0001,500000000.0,47900000.0,47900000.0,4790.0,-18260.0,,-520.0,49.0,,,,,,,,13394.0,3435.0,,,,,,178675.0,,0.0,,,1095.0,0.0,,20879.0,857.0,,,0.0,-7519.0,,-2011.0,50.0,,0.0,,,0.0,0.0,0.0,,,,0.0,,,186264.0,32978.0,186264.0,,21483.0,0.0,-20950.0,-18927.0,1095.0,20879.0,-20022.0,,,,,,,,,,,667.0,667.0,,,0.0,,,,,,0.0,,,21483.0,,4602.0,,,,0.0,,-961309.0,,857.0,,-153286.0,,,47900000.0,,,,,,,,,,,,,,
2014-12-31,2015-02-17,10-Q,W&E Source Corp.,WESC,CIK0001368275,USD,26790.0,,,350.0,,0.0,2233.0,957055.0,27822.0,13296.0,14526.0,10877.0,,0.0001,500000000.0,63438300.0,63438300.0,6344.0,-26985.0,,,,,,,,,,,12930.0,,,,2069.0,,,25920.0,,0.0,,,-3201.0,,,26909.0,,-29211.0,,,,,,,,,,,,,,,,0.0,,,,52710.0,27822.0,52710.0,,,,,-29211.0,-3201.0,,-26010.0,,,,,,,,,,,2226.0,,,,0.0,,,,,,,,,,,1596.0,,,,,,-990520.0,,899.0,,-24888.0,,,59169536.0,,,,,,,,,,,,,,
2015-03-31,2015-05-14,10-Q,W&E Source Corp.,WESC,CIK0001368275,USD,37794.0,,,752.0,,0.0,5748.0,957055.0,24411.0,12569.0,11842.0,11817.0,,0.0001,500000000.0,63438300.0,63438300.0,6344.0,-14414.0,,,,,,,,,,,11842.0,,,,,,,25920.0,,0.0,,,-3314.0,,,18051.0,,-17930.0,0.0,,,,,,,,,,,,,,,0.0,,,,63714.0,24411.0,63714.0,,,,,-17930.0,-3314.0,,-14616.0,,,,,,,,,,,3516.0,,,,0.0,,,,,,,,,,,0.0,,,,,,-1008450.0,,3435.0,,-39303.0,,,56779000.0,,,,,,,,,,,,,,
2015-06-30,2015-09-28,10-K,W&E Source Corp.,WESC,CIK0001368275,USD,7128.0,,603.0,603.0,,2142.0,4106.0,957055.0,23505.0,11496.0,12009.0,10893.0,-3676.0,0.0001,500000000.0,63438300.0,63438300.0,6344.0,-76375.0,3031.0,-1218.0,0.0,,,,,,,,12009.0,7965.0,,,,,,27841.0,,0.0,,,-3556.0,,,81928.0,4343.0,,,0.0,-5562.0,,-1823.0,0.0,,0.0,,,0.0,85.0,0.0,,0.0,0.0,0.0,,,79523.0,23505.0,79523.0,,74542.0,0.0,-77000.0,-81141.0,-3556.0,81928.0,-77585.0,,,,,,,,,,,4766.0,4766.0,,0.0,0.0,,,,,0.0,0.0,45128.0,,29414.0,0.0,0.0,,,,,,-1023523.0,,7374.0,,-56018.0,,155383.0,58443846.0,,,,,,,,,,,,,,
2015-09-30,2015-11-04,10-Q,W&E Source Corp.,WESC,CIK0001368275,USD,35660.0,,,509.0,,0.0,7488.0,957055.0,16656.0,5416.0,11240.0,4301.0,-6592.0,0.0001,500000000.0,63438300.0,63438300.0,6344.0,-7402.0,,-2238.0,1124.0,,,,,,,,11240.0,0.0,,,,,,3597.0,,0.0,,,-1684.0,-3320.0,,9716.0,616.0,,,0.0,-14.0,,-69.0,1146.0,,,,,,,-76.0,,,,0.0,,,80076.0,16656.0,80076.0,,1833.0,0.0,-6187.0,-10784.0,-1684.0,9716.0,-9100.0,,,,,,,,,,,3382.0,3382.0,,,,,,,,606.0,0.0,0.0,,1833.0,,,,,,,,-1034307.0,,616.0,,-63420.0,,,63483300.0,,,,,,,,,,,,,,
2015-12-31,2016-02-09,10-Q,W&E Source Corp.,WESC,CIK0001368275,USD,26900.0,,482.0,,,0.0,11893.0,957055.0,18775.0,7937.0,10838.0,7253.0,,0.0001,500000000.0,63438300.0,63438300.0,6344.0,-8391.0,,,0.0,,,,,,,,10838.0,,,,,,,5202.0,,0.0,,,-7446.0,,,7298.0,,-12796.0,,,,,,,,,,,,,,,,0.0,,,,90586.0,18775.0,90586.0,,,,,-12796.0,-7446.0,,-5350.0,,,,,,,,,,,4405.0,,,,,,,,,202.0,,,,,,,,,,,,-1047103.0,,1948.0,,-71811.0,,,63483300.0,,,,,,,,,,,,,,
2016-03-31,2016-05-13,10-Q,W&E Source Corp.,WESC,CIK0001368275,USD,26998.0,,556.0,,,0.0,6556.0,957055.0,14583.0,3033.0,11550.0,2477.0,,0.0,500000000.0,63438300.0,63438300.0,6344.0,-8627.0,,,,,,,,,,,11550.0,,,,,,,9702.0,,0.0,,,6761.0,,,11821.0,,-4669.0,,,,,,,,,,,,,,,,0.0,,,,96400.0,14583.0,96400.0,,,,,-4669.0,6761.0,,-11430.0,,,,,,,,,,,-3958.0,,,,,,,,,0.0,,,,,,,,,,,,-1051772.0,,391.0,,-81817.0,,,63483300.0,,,,,,,,,,,,,,
2016-06-30,2016-09-28,10-K,W&E Source Corp.,WESC,CIK0001368275,USD,13245.0,,824.0,824.0,,0.0,8651.0,957055.0,18084.0,6471.0,11613.0,5647.0,-5246.0,0.0001,500000000.0,63468300.0,63468300.0,6344.0,-44161.0,1757.0,4252.0,,,,,,,,,11613.0,0.0,,,,,,25920.0,,0.0,,,-5142.0,,,45525.0,1961.0,,,0.0,4025.0,,0.0,,,-1809.0,,,,163.0,-75.0,,,,0.0,,,118263.0,18084.0,118263.0,,37080.0,,-46578.0,-48706.0,-5142.0,45525.0,-43564.0,,,,,,,,,,,4545.0,4545.0,,,0.0,,,,,0.0,0.0,37080.0,,0.0,,,0.0,,,,,-1072229.0,,3718.0,,-100179.0,,,63438300.0,,,,,,,,,,,,,,
2016-09-30,2016-11-10,10-Q,W&E Source Corp.,WESC,CIK0001368275,USD,13149.0,,646.0,,,,9101.0,1059931.0,27555.0,15942.0,11613.0,15296.0,9649.0,0.0001,500000000.0,82489391.0,82489391.0,8249.0,-12453.0,,251.0,,,,,,,,,11613.0,,,,,,,1858.0,,0.0,,,-379.0,1399.0,,12642.0,118.0,,,0.0,-84.0,,-190.0,0.0,,0.0,,,,,-76.0,,,,0.0,,,35406.0,27555.0,35406.0,,23518.0,,-14120.0,-12903.0,-379.0,12642.0,-12524.0,,,,,,,,,,,450.0,450.0,,,,,,,,,,21709.0,,1809.0,,,,,,,,-1085132.0,,118.0,,-7851.0,104781.0,,70765643.0,,,,,,,,,,,,,,
2016-12-31,2017-02-10,10-Q,W&E Source Corp.,WESC,CIK0001368275,USD,1116.0,,655.0,,,,13471.0,1059931.0,17459.0,6287.0,11172.0,5594.0,,0.0001,500000000.0,82489391.0,82489391.0,8249.0,-19297.0,,,,,,,,,,,11172.0,,,,,,,3575.0,,0.0,,,-4593.0,,,9780.0,346.0,-14027.0,,,,,,,,,,,,,,,,0.0,,,,34967.0,17459.0,34967.0,,,,,-14027.0,-4593.0,9780.0,-9434.0,,,,,,,,,,,-5270.0,,,,,,,,,38.0,,,,,,,,,,,,-1099159.0,,346.0,,-17508.0,,,82489391.0,,,,,,,,,,,,,,
2017-03-31,2017-04-28,10-Q,W&E Source Corp.,WESC,CIK0001368275,USD,2160.0,,661.0,,,,12469.0,1059931.0,15889.0,4610.0,11279.0,3911.0,,0.0001,500000000.0,82489391.0,82489391.0,8249.0,-11972.0,,,,,,,,,,,11279.0,,,,,,,5414.0,,0.0,,,962.0,,,11932.0,0.0,-10970.0,,,,,,,,,,,,,,,,0.0,,,,45369.0,15889.0,45369.0,,,,,-10970.0,962.0,11932.0,-11932.0,,,,,,,,,,,-1002.0,,,,,,,,,38.0,,,,,,,,,,,,-1110129.0,,0.0,,-29480.0,,,82489391.0,,,,,,,,,,,,,,
2017-06-30,2017-09-28,10-K,W&E Source Corp.,WESC,CIK0001368275,USD,10681.0,,0.0,,,,9944.0,1059931.0,17112.0,5547.0,11565.0,5010.0,-637.0,0.0001,500000000.0,82489391.0,82489391.0,8249.0,-53559.0,353.0,2505.0,,,,,16786.0,0.0,16786.0,,11565.0,,,,,,7402.0,7402.0,,0.0,,,-1693.0,0.0,,53266.0,107.0,-54852.0,,0.0,-2559.0,,,,,7209.0,,,,-325.0,0.0,,,,0.0,9600.0,7209.0,66069.0,17112.0,66069.0,,46735.0,,-49877.0,-54852.0,-1693.0,53266.0,-53159.0,,,,,,,,,,,1293.0,1293.0,,,537.0,,,,,,,46735.0,,,,,135.0,,7209.0,,,-1127081.0,,460.0,,-48957.0,104781.0,,82489391.0,,,,,,,,,,,,,,
2017-09-30,2017-11-09,10-Q,W&E Source Corp.,WESC,CIK0001368275,USD,7973.0,,,,,,4931.0,1059931.0,18806.0,6615.0,12191.0,6049.0,1039.0,0.0001,500000000.0,82489391.0,82489391.0,8249.0,-11517.0,,-2109.0,,,,,,,,,12191.0,,,,,,9752.0,9904.0,,0.0,,,4856.0,2679.0,,11360.0,0.0,,,0.0,-2735.0,,0.0,,,1916.0,,,,,0.0,,,,0.0,2400.0,1916.0,79280.0,18806.0,79280.0,,13150.0,,-10002.0,-6504.0,4856.0,11360.0,-11360.0,,,,,,,,,,,-5013.0,-5013.0,,,566.0,,,,,,,13000.0,,150.0,,,,,1916.0,,,-1133585.0,,0.0,,-60474.0,,,82489391.0,,,,,,,,,,,,,,
2017-12-31,2018-02-14,10-Q,W&E Source Corp.,WESC,CIK0001368275,USD,3569.0,,,,,,7473.0,1059931.0,16098.0,4348.0,11750.0,3168.0,,0.0001,500000000.0,82489391.0,82489391.0,8249.0,-9538.0,,,,,,,,,,15000.0,11750.0,,,,,,11280.0,11432.0,,0.0,,,-2487.0,,,9892.0,299.0,-12080.0,,,,,,,,,,,,,,,,,,4800.0,3643.0,86110.0,16098.0,86110.0,,,,,-12080.0,-2487.0,9892.0,-9593.0,,,,,,,,,,218.0,2542.0,,,,1180.0,,,,,,,,,,,,,,,,,-1145665.0,299.0,299.0,,-70012.0,,,82489391.0,,,,,,,,,,,,,,
2018-03-31,2018-05-09,10-Q,W&E Source Corp.,WESC,CIK0001368275,USD,3580.0,,,,,,5900.0,1059931.0,15275.0,3639.0,11636.0,3601.0,,0.0001,500000000.0,82489391.0,82489391.0,8249.0,-13547.0,,,,,,,,,,15000.0,11636.0,,,,,,14132.0,14291.0,,0.0,,,1771.0,,,13823.0,78.0,-11974.0,,,,,,,,,,,,,,,,,,,,98904.0,15275.0,98904.0,,,,,-11974.0,1771.0,13823.0,-13745.0,,,,,,,,,,30.0,-1573.0,,,,38.0,,,,,,,,,,,,,,,,,-1157709.0,78.0,78.0,,-83629.0,,,82489391.0,,,,,,,,,,,,,,
2018-06-30,2018-09-27,10-K,W&E Source Corp.,WESC,CIK0001368275,USD,11283.0,,,,,,9938.0,1059931.0,14386.0,2971.0,11415.0,2925.0,-2085.0,0.0001,500000000.0,82489391.0,82489391.0,8249.0,-51045.0,0.0,229.0,,,,,15836.0,0.0,15836.0,15000.0,11415.0,,,,,9600.0,15862.0,15862.0,,0.0,,,295.0,2264.0,,51829.0,495.0,-51039.0,,0.0,1084.0,,-1084.0,,,8815.0,,,,189.0,,,,,0.0,9600.0,7402.0,114388.0,14386.0,114388.0,,41279.0,,-43593.0,-51039.0,295.0,51829.0,-51334.0,,,,,,,,,1178120.0,11283.0,-6.0,-6.0,,,46.0,,,,,,,41279.0,,,,,,9600.0,7402.0,,,-1178120.0,495.0,495.0,,-100002.0,,,82489391.0,,,,,,,,,,,,,,
2018-12-31,2019-02-13,10-Q,W&E Source Corp.,WESC,CIK0001368275,USD,9297.0,,,,,,14789.0,1059931.0,17389.0,6395.0,10994.0,6358.0,,0.0001,500000000.0,82489391.0,82489391.0,8249.0,-10927.0,,,,,,,,,,15000.0,10994.0,,,,,,18690.0,18835.0,,0.0,,0.1,-3599.0,,,11969.0,151.0,,,,,,,,,,,,,,,,,,,4800.0,3643.0,140089.0,17389.0,140089.0,,,,,-15417.0,-3599.0,11969.0,-11818.0,,9600.0,,9600.0,9600.0,9600.0,9600.0,,,209.0,4490.0,4490.0,,,37.0,,,,,,,,,,,,,,,,,-1205699.0,151.0,,,-122700.0,,,82489391.0,,,,,,,,,,,,,,
2019-03-31,2019-05-13,10-Q,W&E Source Corp.,WESC,CIK0001368275,USD,8090.0,,,,,,11817.0,1059931.0,14740.0,3497.0,11243.0,3448.0,,0.0001,500000000.0,82489391.0,82489391.0,8249.0,-10231.0,,,,,,,,,,15000.0,11243.0,,,,,,19787.0,21035.0,,0.0,,0.1,4404.0,,,11814.0,151.0,,,,,,,,,,,,,,,,,,,,,147671.0,14740.0,147671.0,,,,,-7.259,4404.0,11814.0,-11663.0,40800.0,,9600.0,9600.0,9600.0,9600.0,,2400.0,,214.0,-2972.0,-2972.0,,,49.0,,,,,,,,,,,,,,,,,-1212928.0,151.0,,,-132931.0,,,82489391.0,,,,,,,,,,,,,,
2019-06-30,2019-09-27,10-K,W&E Source Corp.,WESC,CIK0001368275,USD,17857.0,,,,,,11390.0,1059931.0,14008.0,2551.0,11457.0,2508.0,-417.0,0.0001,500000000.0,82489391.0,82489391.0,8249.0,-48287.0,0.0,325.0,,,,,16062.0,0.0,16062.0,15000.0,11457.0,,,,,,23452.0,23452.0,,0.0,,0.1,5421.0,-2220.0,,55651.0,491.0,-49739.0,,0.0,5694.0,,-5694.0,,,8357.0,,,,353.0,,,,,0.0,9600.0,7257.0,162297.0,14008.0,162297.0,,33079.0,,-33821.0,-64670.0,5421.0,55651.0,-55160.0,48000.0,,9600.0,9600.0,9600.0,9600.0,,9600.0,158560.0,,1452.0,1025.0,,,43.0,,,,,,,33079.0,,,,,,9600.0,7257.0,,,-1227859.0,491.0,,,-148289.0,,,82489391.0,,,,,,,,,,,,,,
2019-09-30,2019-11-14,10-Q,W&E Source Corp.,WESC,CIK0001368275,USD,7854.0,,,,,,14231.0,1059931.0,14314.0,2986.0,11328.0,2930.0,422.0,0.0001,500000000.0,82489391.0,82489391.0,8249.0,-19558.0,,47.0,,,,,,,,,11328.0,,,,,,23562.0,25003.0,,0.0,,0.1,-11134.0,-1382.0,,11378.0,113.0,,,0.0,-11101.0,,11101.0,,,2913.0,,,,,113.0,,,,0.0,2400.0,1837.0,182161.0,14314.0,182161.0,,29693.0,,-29318.0,-22399.0,-11134.0,11378.0,-11265.0,,,9600.0,9600.0,9600.0,9600.0,,9600.0,,,2841.0,2841.0,,,56.0,,,,,,,29693.0,,,,,,2400.0,1813.0,,,-1250258.0,113.0,,,-167847.0,,,82489391.0,,,,,,,,,,,,,,
2019-12-31,2020-02-13,10-Q,W&E Source Corp.,WESC,CIK0001368275,USD,8455.0,,,,,,11166.0,1059931.0,14527.0,2956.0,11571.0,2899.0,,0.0001,500000000.0,82489391.0,82489391.0,8249.0,-8650.0,,,,,,,,,,,11571.0,,,,,,25919.0,27369.0,,0.0,,0.1,5005.0,,,10970.0,380.0,,,,,,,,,,,,,,,,,,,,,191024.0,14527.0,191024.0,,,,,-5585.0,5005.0,10970.0,-10590.0,,,9600.0,9600.0,9600.0,9600.0,,9600.0,,,-3065.0,-3065.0,,,57.0,,,,,,,,,,,,,,,,,-1255843.0,380.0,,,-176497.0,,,82489391.0,,,,,,,,,,,,,,
2020-03-31,2020-05-15,10-Q,W&E Source Corp.,WESC,CIK0001368275,USD,7724.0,,,,,,19466.0,1059931.0,14356.0,3731.0,10625.0,3512.0,,0.0001,500000000.0,82489391.0,82489391.0,8249.0,-9448.0,,,,,,,,,,,10625.0,,,,,,27392.0,27392.0,,0.0,,0.1,-6710.0,,,11370.0,332.0,,,,,,,,,,,,,,,,,,,,,200301.0,14356.0,200301.0,,,,,-17748.0,-6710.0,11370.0,-11038.0,,,9600.0,9600.0,9600.0,9600.0,,9600.0,,,8300.0,8300.0,,,69.0,,,,,150.0,,,,,,,,,,,,-1273591.0,332.0,,,-185945.0,,,82489391.0,,,,,,,,,,,,,,
2020-06-30,2020-09-28,10-K,W&E Source Corp.,WESC,CIK0001368275,USD,15351.0,,,,,,15920.0,1059931.0,14562.0,3546.0,11016.0,3508.0,1000.0,0.0001,500000000.0,82489391.0,82489391.0,8249.0,-48883.0,0.0,715.0,,,,,10503.0,0.0,10503.0,,11016.0,,,,,,28201.0,32683.0,,0.0,,,-4657.0,1159.0,0.0,51286.0,784.0,-55159.0,,0.0,-3601.0,,,,,11278.0,,,,818.0,,,0.0,,0.0,9600.0,7140.0,213480.0,14562.0,213480.0,,49744.0,,-49459.0,-64586.0,-4657.0,51286.0,-50502.0,,,,,,,,,1283018.0,,6276.0,-3546.0,,,38.0,,,,,,,49744.0,,49744.0,,,,9600.0,7140.0,,,-1283018.0,784.0,,,-198918.0,,,82489391.0,,1000.0,0.0,,,-55159.0,,,,,,9600.0,7140.0,
2020-09-30,2020-11-16,10-Q,W&E Source Corp.,WESC,CIK0001368275,USD,8540.0,,,,,,12185.0,1073022.0,14809.0,3550.0,11259.0,3511.0,3.0,0.0001,500000000.0,82489391.0,82489391.0,8249.0,-30203.0,,93.0,,,,,,,,,11259.0,,,,,,,36616.0,,0.0,,,-2104.0,-34.0,,11198.0,,,,0.0,-6812.0,,,,,3308.0,,,,,0.0,13166.0,,,0.0,2400.0,1812.0,230839.0,14809.0,230839.0,,16682.0,,-16772.0,-26468.0,-15270.0,11198.0,-11198.0,,9600.0,9600.0,9600.0,9600.0,9600.0,,,,,-3735.0,-3735.0,,,39.0,,,,,,,16682.0,,16682.0,,,,,,,,-1309486.0,,,,-216030.0,,,82489391.0,,3.0,,,,,,,,,,2400.0,1812.0,
2020-12-31,2021-02-16,10-Q,W&E Source Corp.,WESC,CIK0001368275,USD,12238.0,,,,,,4133.0,1217045.0,20353.0,8584.0,11769.0,8543.0,,0.0001,500000000.0,130085501.0,130085501.0,13009.0,98384.0,,,,147548.0,,,,,,,11769.0,,,,,,,551.0,,0.0,,,7360.0,,90433.0,13770.0,0.0,,,,,,,,,,,,,,,1160.0,,,,,,12789.0,20353.0,12789.0,,,,,82863.0,96633.0,13770.0,-13770.0,,9600.0,9600.0,9600.0,9600.0,9600.0,,,,,15521.0,-8052.0,,,41.0,,,,,,,,,,,,,,,,,-1226623.0,,0.0,,7564.0,,,91381000.0,,,,,,,,,,,,,,
2021-03-31,2021-06-08,10-Q,W&E Source Corp.,WESC,CIK0001368275,USD,9904.0,,,,,,4938.0,1217045.0,14242.0,2309.0,11933.0,2268.0,,0.0001,500000000.0,130085501.0,130085501.0,13009.0,-11368.0,,,,,,,,,,,11933.0,,,,,,,8142.0,,0.0,,,-644.0,,,11529.0,,,,,,,,,,,,,,,,,,,,,,18046.0,14242.0,18046.0,,,,,-12173.0,-644.0,11529.0,-11529.0,,9600.0,9600.0,9600.0,9600.0,9600.0,,,,,805.0,805.0,,,41.0,,,,,,,,,,,,,,,,,-1238796.0,,,,-3804.0,,,137899000.0,,,,,,,,,,,,,,
2021-06-30,2022-01-14,10-K,W&E Source Corp.,WESC,CIK0001368275,USD,24561.0,,,,,,3465.0,1217106.0,14320.0,2290.0,12030.0,2248.0,,0.0001,500000000.0,130085501.0,130085501.0,13009.0,39633.0,0.0,285.0,,,,,-6244.0,,-6244.0,,12030.0,,,,,,,12020.0,12020.0,0.0,,,6158.0,-7600.0,90433.0,55028.0,0.0,,,0.0,8109.0,,,,,-537.0,,,,0.0,,14326.0,14386.0,,0.0,,,36581.0,14320.0,36581.0,,32153.0,,-33698.0,10132.0,82205.0,55028.0,-55028.0,,,,,,,,,1255841.0,,12456.0,-1473.0,,,42.0,,,,,,,,,32153.0,,,,,,,,-1255841.0,0.0,,,-22261.0,,,108379583.0,,-1260.0,90433.0,0.802,0.1548,27177.0,9600.0,9600.0,9600.0,9600.0,9600.0,9600.0,7498.0,
2021-09-30,2022-01-18,10-Q,W&E Source Corp.,WESC,CIK0001368275,USD,32287.0,,,,,,5787.0,1217144.0,14019.0,2257.0,11762.0,2216.0,,0.0001,500000000.0,130085501.0,130085501.0,13009.0,-9743.0,,2364.0,,,,,,,,,11762.0,,,,,,,13698.0,13698.0,0.0,,,-2396.0,0.0,,9631.0,,,,0.0,7725.0,,,,,1906.0,,,,,,38.0,,,0.0,,,45985.0,14019.0,45985.0,,0.0,,-2396.0,-12065.0,-2434.0,9631.0,-9631.0,,,,,,,,,,,2322.0,2322.0,,,41.0,,,,,,,,,0.0,,,,,,,,-1267906.0,,,,-31966.0,,,130085501.0,,-32.0,,0.7841,0.1546,,9600.0,9600.0,9600.0,9600.0,9600.0,2400.0,1906.0,
2021-12-31,2022-02-25,10-Q,W&E Source Corp.,WESC,CIK0001368275,USD,38003.0,,,,,,5259.0,1217214.0,14026.0,2286.0,11740.0,2245.0,,0.0001,500000000.0,130085501.0,130085501.0,13009.0,-13394.0,,,,,,,,,,,11740.0,,,,,,,18992.0,18992.0,0.0,,,556.0,,0.0,11031.0,0.0,,,,,,,,,,,,,,,70.0,,,,,,56995.0,14026.0,56995.0,,,,,-10545.0,486.0,11031.0,-11031.0,,,,,,,,,,,-2849.0,-528.0,,,41.0,,,,,,,,,,,,,,,,,-1278451.0,,0.0,,-42969.0,,,130085501.0,,,,0.7827,0.1569,,9600.0,9600.0,9600.0,9600.0,9600.0,,,
