end,filed,form,Name,Ticker,CIK,Currency,AccountsPayableAndAccruedLiabilitiesCurrent,AccountsReceivableNetCurrent,AccruedLiabilitiesCurrent,AccumulatedDepreciationDepletionAndAmortizationPropertyPlantAndEquipment,AdditionalPaidInCapital,AdjustmentsToAdditionalPaidInCapitalConvertibleDebtWithConversionFeature,AmortizationOfDebtDiscountPremium,AmortizationOfDeferredPropertyTaxes,Assets,AssetsCurrent,BuildingsAndImprovementsGross,BusinessAcquisitionsProFormaNetIncomeLoss,Cash,CashAndCashEquivalentsAtCarryingValue,CashAndCashEquivalentsPeriodIncreaseDecrease,CashPeriodIncreaseDecrease,CommonStockParOrStatedValuePerShare,CommonStockSharesAuthorized,CommonStockSharesIssued,CommonStockSharesOutstanding,CommonStockValue,ConversionOfStockAmountConverted1,ConvertibleDebtCurrent,ConvertibleLongTermNotesPayable,ConvertibleNotesPayable,CostOfGoodsSold,CostOfPropertyRepairsAndMaintenance,CostOfRevenue,CustomerDepositsNoncurrent,DebtInstrumentConvertibleBeneficialConversionFeature,DebtInstrumentDecreaseForgiveness,DebtInstrumentFaceAmount,DebtInstrumentIncreaseAccruedInterest,DeferredFederalIncomeTaxExpenseBenefit,DeferredIncomeTaxAssetsNet,DeferredIncomeTaxExpenseBenefit,DeferredRentAssetNetCurrent,DeferredTaxAssetsCapitalLossCarryforwards,DeferredTaxAssetsGrossNoncurrent,DeferredTaxAssetsNet,DeferredTaxAssetsOperatingLossCarryforwards,DeferredTaxAssetsValuationAllowance,DeferredTaxAssetsValuationAllowanceNoncurrent,Depreciation,DiscontinuedOperationIncomeLossFromDiscontinuedOperationBeforeIncomeTax,DividendsSharebasedCompensationStock,DueFromRelatedParties,DueToOfficersOrStockholdersCurrent,DueToRelatedPartiesCurrent,EarningsPerShareBasicAndDiluted,EffectiveIncomeTaxRateContinuingOperations,EffectiveIncomeTaxRateReconciliationAtFederalStatutoryIncomeTaxRate,GeneralAndAdministrativeExpense,GrossProfit,IncomeLossFromContinuingOperations,IncomeLossFromContinuingOperationsBeforeIncomeTaxesExtraordinaryItemsNoncontrollingInterest,IncomeLossFromContinuingOperationsBeforeInterestExpenseInterestIncomeIncomeTaxesExtraordinaryItemsNoncontrollingInterestsNet,IncomeLossFromContinuingOperationsIncludingPortionAttributableToNoncontrollingInterest,IncomeLossFromContinuingOperationsPerBasicAndDilutedShare,IncomeLossFromDiscontinuedOperationsNetOfTax,IncomeLossFromDiscontinuedOperationsNetOfTaxAttributableToReportingEntity,IncomeLossFromDiscontinuedOperationsNetOfTaxPerBasicAndDilutedShare,IncomeTaxExpenseBenefitContinuingOperationsAdjustmentOfDeferredTaxAssetLiability,IncomeTaxesPaid,IncomeTaxesPaidNet,IncomeTaxReconciliationChangeInDeferredTaxAssetsValuationAllowance,IncomeTaxReconciliationChangeInEnactedTaxRate,IncreaseDecreaseInAccountsPayableAndAccruedLiabilities,IncreaseDecreaseInAccountsReceivable,IncreaseDecreaseInAccruedInterestReceivableNet,IncreaseDecreaseInAccruedLiabilities,IncreaseDecreaseInCustomerDeposits,IncreaseDecreaseInInterestPayableNet,IncreaseDecreaseInOtherCurrentAssets,IncreaseDecreaseInPrepaidExpense,InterestAndDebtExpense,InterestExpense,InterestExpenseDebt,InterestExpenseOther,InterestIncomeOther,InterestPaid,InterestPaidNet,InterestPayableCurrent,InterestReceivable,Land,LandAndLandImprovements,Liabilities,LiabilitiesAndStockholdersEquity,LiabilitiesCurrent,LiabilitiesNoncurrent,LiabilitiesOfDisposalGroupIncludingDiscontinuedOperationCurrent,LongTermNotesPayable,NetCashProvidedByUsedInFinancingActivities,NetCashProvidedByUsedInInvestingActivities,NetCashProvidedByUsedInOperatingActivities,NetIncomeLoss,NonoperatingIncomeExpense,NotesPayable,NotesPayableRelatedPartiesClassifiedCurrent,NotesPayableRelatedPartiesNoncurrent,NotesReceivableNet,OfficersCompensation,OperatingExpenses,OperatingIncomeLoss,OtherAssetsCurrent,OtherComprehensiveIncomeLossTax,OtherIncome,OtherNonoperatingExpense,OtherNonoperatingIncome,OtherNonoperatingIncomeExpense,PaymentsForDepositsOnRealEstateAcquisitions,PaymentsToAcquireNotesReceivable,PaymentsToAcquireRealEstate,PreferredStockParOrStatedValuePerShare,PreferredStockSharesAuthorized,PreferredStockSharesIssued,PreferredStockSharesOutstanding,PreferredStockValue,PrepaidExpenseCurrent,ProceedsFromCollectionOfLeaseReceivables,ProceedsFromCollectionOfNotesReceivable,ProceedsFromContributedCapital,ProceedsFromConvertibleDebt,ProceedsFromDepositsFromCustomers,ProceedsFromIssuanceOfCommonStock,ProceedsFromNotesPayable,ProceedsFromPartnershipContribution,ProceedsFromRelatedPartyDebt,ProfessionalFees,ProfitLoss,PropertyPlantAndEquipmentNet,RealEstateAndAccumulatedDepreciationCostsCapitalizedSubsequentToAcquisitionCarryingCosts,RetainedEarningsAccumulatedDeficit,RetainedEarningsAppropriated,Revenues,SaleOfStockPercentageOfOwnershipAfterTransaction,ShareBasedCompensation,StockholdersEquity,StockholdersEquityNoteSubscriptionsReceivable,StockIssuedDuringPeriodSharesConversionOfConvertibleSecurities,StockIssuedDuringPeriodValueAcquisitions,StockIssuedDuringPeriodValueConversionOfUnits,StockIssuedDuringPeriodValueIssuedForCash,StockIssuedDuringPeriodValueShareBasedCompensation,StockIssuedDuringPeriodValueShareBasedCompensationGross,StockIssuedDuringPeriodValueStockOptionsExercised,TaxesPayableCurrent,ValuationAllowanceDeferredTaxAssetChangeInAmount,WeightedAverageNumberOfShareOutstandingBasicAndDiluted
2014-12-31,2015-03-24,10-Q,Fritzy Tech Inc.,FRFR,CIK0001622408,USD,,,1993.0,1000.0,53349.0,,,,111551.0,37551.0,60000.0,,33965.0,,,,0.0,92000000.0,5740000.0,5740000.0,6.0,,,,,,,,,,,,,,,,,,,,,,,,,,,,,0.0,,,550.0,,,-8544.0,,,,,,,,,,,,,,,,,,,,,857.0,,,96.0,,,,,,15000.0,86993.0,111551.0,1993.0,,,,,,,-8544.0,761.0,85000.0,,,3586.0,,7783.0,-7783.0,,,,761.0,-96.0,,,,,0.0,8000000.0,0.0,0.0,,,,,,,,,,,,7233.0,,74000.0,,-28797.0,,,,,24558.0,,,,,,,,,,,5740000.0
2015-03-31,2015-05-20,10-Q,Fritzy Tech Inc.,FRFR,CIK0001622408,USD,,,3832.0,1500.0,53349.0,,,,83511.0,10011.0,60000.0,,9150.0,,,,0.0,92000000.0,5740000.0,5740000.0,6.0,,,,,,,,,,,,,,,,,,,,,,,,,,,,,-0.01,,,4242.0,,,-29879.0,,,,,,,,,,,,,,,,,,,,,838.0,,,34.0,,,,,,15000.0,88832.0,83511.0,3832.0,85000.0,,,,,,-29879.0,364.0,85000.0,,,,,29515.0,-29515.0,,440.0,440.0,364.0,-34.0,,,,,0.0,8000000.0,0.0,0.0,,,,,,,,,,,,25273.0,,73500.0,,-58676.0,,,,,-5321.0,,,,,,,,,,,5740000.0
2015-06-30,2015-10-07,10-K,Fritzy Tech Inc.,FRFR,CIK0001622408,USD,,,66512.0,2000.0,53349.0,,,58801.0,80275.0,7275.0,60000.0,,7275.0,,,-71199.0,0.0,92000000.0,5740000.0,5740000.0,6.0,,,,,2400.0,,,,,,,,,,,,74791.0,25429.0,,,18694.0,-25429.0,2000.0,,,,,,-0.02,0.0,0.34,7071.0,6500.0,,-108783.0,,,,,,,,,,,,,,3400.0,62833.0,,,,,,3400.0,,,,,,,3400.0,,15000.0,151512.0,80275.0,151512.0,,,85000.0,39351.0,-70000.0,-40550.0,-54982.0,,,,,,,113053.0,-106553.0,,,940.0,2230.0,230.0,,,,70000.0,0.0,8000000.0,0.0,0.0,,,,,,,,36951.0,,2400.0,,47181.0,,73000.0,,-74791.0,,8900.0,,,-14936.0,,,,,,,,,,,5740000.0
2015-09-30,2015-11-13,10-Q,Fritzy Tech Inc.,FRFR,CIK0001622408,USD,,,67419.0,2500.0,53349.0,,,,75629.0,3129.0,60000.0,,3029.0,,,-4246.0,0.0,92000000.0,5740000.0,5740000.0,6.0,,,,,,,,,,,,4536.0,,,,,,,,,,,500.0,,,,,,0.0,,,1997.0,,,-5553.0,,,,,,,,,,,,,,-858.0,49.0,,,,-100.0,,857.0,,,,,,,,,15000.0,152419.0,75629.0,152419.0,,,85000.0,,,-4246.0,-5553.0,,,,,,,5296.0,-5296.0,,,600.0,257.0,,,,,,0.0,8000000.0,0.0,0.0,,100.0,,,,,,,,,,2799.0,,72500.0,,-130145.0,,,,,-76790.0,,,,,,,,,,,5740000.0
2015-12-31,2016-02-17,10-Q,Fritzy Tech Inc.,FRFR,CIK0001622408,USD,,,68227.0,3000.0,53349.0,,,,77560.0,5560.0,60000.0,,5560.0,,,,0.0,92000000.0,5740000.0,5740000.0,6.0,,,,,,,,,,,,,,,,,,,,,,,500.0,,,,,,0.0,,,300.0,,,-8877.0,,,,,,,,,,,,,,,,,,,,,857.0,,,,,,,,,15000.0,163227.0,77560.0,153227.0,10000.0,,85000.0,,,,-8877.0,,,,10000.0,,,8020.0,-8020.0,,,,857.0,,,,,,0.0,8000000.0,0.0,0.0,,,,,,,,,,,,7220.0,,72000.0,,-139022.0,,,,,-85667.0,,,,,,,,,,,5740000.0
2016-03-31,2016-05-18,10-Q,Fritzy Tech Inc.,FRFR,CIK0001622408,USD,,,69112.0,3500.0,53349.0,,,,80036.0,8536.0,60000.0,,8398.0,,,,0.0,92000000.0,5740000.0,5740000.0,6.0,,,,,,,,4500.0,,,,,,,,,,,,,,,500.0,,,,,,0.0,,,399.0,4538.0,,-2909.0,,,,,,,,,,,,,,,,,,,,,848.0,,,,,,,,,15000.0,168612.0,80036.0,154112.0,14500.0,,85000.0,,,,-2909.0,,,,10000.0,,,6891.0,-2353.0,138.0,,292.0,556.0,,,,,,0.0,8000000.0,0.0,0.0,,,,,,,,,,,,5992.0,,71500.0,,-141931.0,,4538.0,,,-88576.0,,,,,,,,,,,5740000.0
2016-06-30,2016-10-21,10-K,Fritzy Tech Inc.,FRFR,CIK0001622408,USD,,441.0,42461.0,4000.0,59849.0,,,,97538.0,26538.0,60000.0,,8675.0,,,1400.0,0.0,92000000.0,5740000.0,5740000.0,6.0,,,,,4252.0,,6252.0,,,,,7089.0,,,,17422.0,103000.0,35100.0,,,10025.0,-35100.0,2000.0,,,,,,-0.01,0.0,0.34,12041.0,22515.0,,-29487.0,,,,,,,,,,10000.0,,,441.0,-3409.0,28841.0,,,,,,3409.0,,,,,,,3409.0,,15000.0,141961.0,97538.0,127461.0,14500.0,,85000.0,10000.0,,-8600.0,-29487.0,,10000.0,,,,,53330.0,-30815.0,,,4738.0,-1329.0,,,,,,0.0,8000000.0,0.0,0.0,,,4500.0,,,,4500.0,,10000.0,,,41289.0,,71000.0,,-104278.0,,28767.0,,,-44423.0,,,,,,,,,,,5740000.0
2016-09-30,2016-11-21,10-Q,Fritzy Tech Inc.,FRFR,CIK0001622408,USD,,649.0,28363.0,4500.0,59849.0,,,,99270.0,28770.0,60000.0,,4684.0,,,-3991.0,0.0,92000000.0,5740000.0,5740000.0,6.0,,,,,,,500.0,,,,,7946.0,,,,23337.0,88448.0,30072.0,,,,-30072.0,500.0,,,,,,0.0,0.0,0.34,399.0,16760.0,,15830.0,,,,,,,,,,5382.0,,,208.0,-857.0,-14955.0,,,,100.0,,857.0,,,,,,,,,15000.0,127863.0,99270.0,113363.0,14500.0,,85000.0,,,-3991.0,15830.0,,10000.0,,,,,6167.0,10593.0,,,6094.0,-5237.0,,,,,,0.0,8000000.0,0.0,0.0,,100.0,,,,,,,,,,5768.0,,70500.0,,-88448.0,,17260.0,,,-28593.0,,,,,,,,,,,5740000.0
2016-12-31,2017-02-09,10-Q,Fritzy Tech Inc.,FRFR,CIK0001622408,USD,,850.0,26941.0,5000.0,59849.0,,,,104634.0,34635.0,60000.0,,6701.0,,,,0.0,92000000.0,5740000.0,5740000.0,6.0,,,,,,,500.0,,,,,,,,,26984.0,81662.0,27765.0,27765.0,,,-27765.0,500.0,19854.0,,,,,0.0,,,379.0,16760.0,-13069.0,6785.0,,,0.0,19854.0,,0.0,,,,,,,,,,,,,,,857.0,,,,,,,,,15000.0,126441.0,104634.0,121941.0,4500.0,,85000.0,,,,6785.0,,,,10000.0,,,12212.0,-13069.0,,,3094.0,857.0,,,,,,0.0,8000000.0,0.0,0.0,,100.0,,,,,,,,,,11833.0,,70000.0,,-81662.0,,17260.0,,,-21807.0,,,,,,,,,,,5740000.0
2017-03-31,2017-05-05,10-Q,Fritzy Tech Inc.,FRFR,CIK0001622408,USD,,3204.0,17883.0,5500.0,59849.0,,,,104210.0,34710.0,60000.0,,7582.0,,,,0.0,92000000.0,5740000.0,5740000.0,6.0,,,,,,,,,,,,,,,,23824.0,73028.0,24830.0,24830.0,,,-24830.0,500.0,,,,,,0.0,,,485.0,,-11095.0,8634.0,,,0.0,19729.0,,0.0,,,,,,,,,,,,,,,838.0,,,,,,,,,15000.0,117383.0,104210.0,112883.0,4500.0,,85000.0,,,,8634.0,,,,10000.0,,,10257.0,-11095.0,,,2969.0,838.0,,,,,,0.0,8000000.0,0.0,0.0,,100.0,,,,,,,,,,9772.0,,69500.0,,-73028.0,,17260.0,,,-13173.0,,,,,,,,,,,5740000.0
2017-06-30,2017-08-23,10-K,Fritzy Tech Inc.,FRFR,CIK0001622408,USD,,2722.0,38108.0,6000.0,59849.0,,,,17329.0,17329.0,60000.0,,17329.0,17329.0,,8654.0,0.0,92000000.0,5740000.0,5740000.0,6.0,,,,,,,13241.0,,,,,20978.0,,-29801.0,,20663.0,86660.0,29464.0,29400.0,-87649.0,,29801.0,2000.0,,,,,,0.0,0.34,0.34,1608.0,64799.0,-51170.0,16629.0,,,-0.01,67799.0,,0.01,,,,5654.0,-2162.0,,2282.0,-3400.0,-7752.0,,,,100.0,,3400.0,,,,,,,,,15000.0,45123.0,17329.0,133108.0,4500.0,45123.0,85000.0,,,8654.0,16629.0,,,,10000.0,,,47770.0,-51170.0,,,3000.0,3400.0,,,,,,0.0,8000000.0,0.0,0.0,,100.0,,,,,,,,,,46162.0,,69000.0,,-178641.0,,78040.0,,,-27794.0,,,,,,,,,,29801.0,5740000.0
2017-09-30,2017-11-17,10-Q,Fritzy Tech Inc.,FRFR,CIK0001622408,USD,,,28094.0,6500.0,59849.0,,,,110401.0,41901.0,60000.0,,27315.0,,,9986.0,0.0,92000000.0,5740000.0,5740000.0,6.0,,,,,,,500.0,,,,,11346.0,,,,14586.0,76059.0,25860.0,25860.0,,,-25860.0,500.0,,,,,,0.0,0.0,0.34,3489.0,26848.0,-16247.0,10601.0,,,0.0,26848.0,,0.0,,,,3604.0,,,-2723.0,-857.0,-10872.0,,,,-100.0,,857.0,,,,,,,,,15000.0,127594.0,110401.0,123094.0,4500.0,,85000.0,,,9986.0,-16247.0,,,,10000.0,,,15390.0,-16247.0,,,,857.0,,,,,,0.0,8000000.0,0.0,0.0,,,,,,,,,,,,11901.0,,68500.0,,-77048.0,,27348.0,,,-1015.0,,,,,,,,,,,5740000.0
2017-12-31,2018-02-21,10-Q,Fritzy Tech Inc.,FRFR,CIK0001622408,USD,,,,,76027.0,,,,,,,,,,,,0.0,92000000.0,5740000.0,5740000.0,6.0,,,,,,,500.0,,,,,,,,,,,,,,,,,11590.0,,,,,0.0,,,1005.0,11007.0,-10575.0,,,,0.0,11590.0,,0.0,,,,,,,,,,,,,,,,,,,,,,,,,,,,,,,,,,-10575.0,,,,,,,10575.0,-10575.0,,,583.0,,,,,,,0.0,8000000.0,0.0,0.0,,,,,,,,,,,,9570.0,,,,-205463.0,,11507.0,,,,,,,,,,,,,,5740000.0
2018-03-31,2018-05-18,10-Q,Fritzy Tech Inc.,FRFR,CIK0001622408,USD,5583.0,,,,76027.0,,,,448.0,448.0,,,,,,,0.0,92000000.0,5740000.0,5740000.0,6.0,,,,,,,,,,,,,,,,,,,,,,,,,,,,6156.0,0.0,,,,,-11291.0,,,,0.0,-3144.0,,0.0,,,,,,,,,,,,,,,,,,,,,,,,,11739.0,448.0,,,,,,,,-14435.0,,,,,,,11291.0,-11291.0,,,,,,,,,,0.0,8000000.0,0.0,0.0,,448.0,,,,,,,,,,11291.0,,,,-213610.0,,,,,-11291.0,,,,,,,,,,,5740000.0
2018-06-30,2018-10-11,10-K,Fritzy Tech Inc.,FRFR,CIK0001622408,USD,20983.0,,,,74517.0,,,,3005.0,3005.0,,2968.0,3005.0,3005.0,-14324.0,-14324.0,0.0,92000000.0,5760000.0,5760000.0,6.0,,,,,,,3725.0,,,,,,,-22151.0,,,,,,-105479.0,,22151.0,,,,,,12978.0,0.0,0.21,,2717.0,2192.0,-53124.0,-53124.0,,-53124.0,-0.01,35294.0,35294.0,0.01,,,,,2318.0,19473.0,,,,,,,,,-857.0,,,,,,,,,,33961.0,3005.0,,,,,12978.0,,-27302.0,-17830.0,,,,,,,57472.0,-53124.0,,,3013.0,-2156.0,3013.0,2156.0,,,,0.0,8000000.0,0.0,0.0,,,,,,,,,,,12978.0,54755.0,,,,-217711.0,,5917.0,,,-30956.0,,,-1510.0,,,,,,,22151.0,5742959.0
2018-09-30,2018-11-19,10-Q,Fritzy Tech Inc.,FRFR,CIK0001622408,USD,21606.0,,,,74517.0,,,,,,,2968.0,,,-3005.0,-3005.0,0.0,92000000.0,5760000.0,5760000.0,6.0,,,,,,,1919.0,,,,,,,,,,,,,,,,,,,,,21908.0,0.0,,,1318.0,127.0,-12558.0,,,,0.0,-2121.0,,0.0,,,,,,623.0,,,,,,,,,,,,,,,,,,,43514.0,,,,,,8930.0,,-11935.0,-12558.0,,,,,,,12685.0,-12558.0,,,,,,,,,,0.0,8000000.0,0.0,0.0,,,,,,,,,,,8930.0,11367.0,-10437.0,,,-244323.0,,2046.0,,,-43514.0,,,,,,,,,,,5760000.0
2018-12-31,2019-02-12,10-Q,Fritzy Tech Inc.,FRFR,CIK0001622408,USD,16507.0,,,,74517.0,,,,,,,,,,,,0.0,92000000.0,5760000.0,5760000.0,6.0,,,,,,,,,,,,,,,,,,,,,,,,,,,,33171.0,-0.06,,,,,-5981.0,,,,0.0,-183.0,,0.0,,,,,,,,,,,,,,,,,,,,,,,,,49678.0,,,,,,,,,-6164.0,,,,,,,5981.0,-5981.0,,,,,,,,,,0.0,8000000.0,0.0,0.0,,,,,,,,,,,,5981.0,-5981.0,,,-234129.0,,,,,-49678.0,,,,,,,,,,,96000.0
2019-03-31,2019-05-09,10-Q,Fritzy Tech Inc.,FRFR,CIK0001622408,USD,12427.0,,,,74517.0,,,,,,,,,,,,0.0,92000000.0,5760000.0,5760000.0,6.0,,,,,,,,,,,,,,,,,,,,,,,,,,,,45491.0,-0.07,,,,,-6655.0,,-6655.0,,0.0,,,0.0,,,,,,,,,,,,,,,,,,,,,,,,,57918.0,,,,,,,,,-6655.0,,,,,,,6655.0,-6655.0,,,,,,,,,,0.0,8000000.0,0.0,0.0,,,,,,,,,,,,6655.0,-8217.0,,,-242346.0,,,,,-57918.0,,,,,,,,,,,96000.0
2019-06-30,2019-09-30,10-K,Fritzy Tech Inc.,FRFR,CIK0001622408,USD,12427.0,,,,74523.0,0.0,0.0,,0.0,0.0,,,,0.0,-3005.0,,0.0,92000000.0,96000.0,96000.0,0.0,,0.0,0.0,0.0,,,0.0,,,,,,-138546.0,-29095.0,-29095.0,,,,,-138546.0,,29095.0,,,,,51596.0,51596.0,-0.34,0.21,,1562.0,0.0,-30740.0,-2327.0,-30740.0,-2327.0,-0.01,-2327.0,-30740.0,0.0,0.0,0.0,,,21.0,-8556.0,,,,,,,,,0.0,,,,0.0,,,,,,64023.0,0.0,,,,,38618.0,,-41623.0,-33067.0,,,,,,,30740.0,273055.0,,,,,,0.0,,,,0.0,8000000.0,0.0,0.0,0.0,,,,,0.0,,,,,38618.0,29178.0,,,,-248451.0,,0.0,,0.0,-64023.0,,0.0,,,,,,,0.0,,96000.0
2019-09-30,2019-11-14,10-Q,Fritzy Tech Inc.,FRFR,CIK0001622408,USD,15173.0,,,,74517.0,,0.0,,,,,,,0.0,0.0,,0.0,92000000.0,96000.0,96000.0,6.0,0.0,,,,,,,,,,,,,,,,,,,,,,,,,,62546.0,62546.0,-0.14,,,,,-13696.0,,,,,,,,,0.0,,,,479.0,,,2267.0,,,,,,0.0,,,,0.0,,,,,,77719.0,,,,,,10950.0,,-10950.0,-13696.0,,,,,,,13696.0,-13696.0,,,,0.0,,,,,,0.0,8000000.0,0.0,0.0,,,,,,0.0,,,,,10950.0,13696.0,-13696.0,,,-25382960.0,,,,,-77719.0,,0.0,,,,,,,,,96000.0
2019-12-31,2020-03-10,10-Q,Fritzy Tech Inc.,FRFR,CIK0001622408,USD,17931.0,,134.0,,143295.0,,,,,,,,,0.0,,,0.0,92000000.0,96000.0,96000.0,,,,-68772.0,68772.0,,,,,,,,,,,,,,,,,,,,,,,68772.0,68772.0,-0.81,,,1165.0,,-77756.0,,,,,,,,,,,,,,,,,,,,,,68906.0,,-68906.0,,,,,,,,86703.0,,,,,,,,,-77756.0,-68906.0,,,,,,8850.0,-77756.0,,,,,,-68906.0,,,,0.0,8000000.0,0.0,0.0,,,,,,,,,,,,8850.0,-77756.0,,,-25382960.0,109905.0,,,,-86703.0,,,,,,,,,,,96000.0
2020-03-31,2020-05-20,10-Q,Fritzy Tech Inc.,FRFR,CIK0001622408,USD,26647.0,,6291.0,,149514.0,,,,,,,,,0.0,,,0.0,92000000.0,96000.0,96000.0,0.0,,74991.0,0.0,74991.0,,,,,,,,,,,,,,,,,,,,,,,0.0,,-0.22,,,0.0,,-21154.0,,-21154.0,,,,,,,,,,,,,,,,,,,,12376.0,,,,,,,,,,101638.0,,,,,,,,,-21154.0,-12376.0,,,,,,8778.0,,,,,,,,,,,0.0,8000000.0,0.0,0.0,0.0,,,,,,,,,,,8778.0,-21154.0,,,-361057.0,,,,,-101638.0,,,,,,,,,,,96000.0
2020-06-30,2020-09-02,10-K,Fritzy Tech Inc.,FRFR,CIK0001622408,USD,18071.0,,12859.0,,158324.0,83801.0,83801.0,,0.0,0.0,,,,0.0,0.0,,1e-06,92000000.0,96000.0,96000.0,0.0,0.0,83801.0,0.0,68772.0,,,0.0,,83801.0,,,,-273055.0,,-57342.0,,,,,,,,,,25000000.0,,0.0,0.0,-261.82,,,1165.0,0.0,-25134509.0,0.0,-25134509.0,,,0.0,,,0.0,0.0,0.0,,21.0,18503.0,,,0.0,,,,,,96660.0,12859.0,,,0.0,0.0,12859.0,,,,114731.0,0.0,,,,,32205.0,,-32205.0,-25134509.0,-96660.0,,,,,,25037849.0,273055.0,,,,,,-96660.0,,,,1e-06,8000000.0,0.0,0.0,0.0,,,,,32205.0,,,,,0.0,36684.0,,,,-25382960.0,109905.0,0.0,,25000000.0,-114731.0,,41900640.0,,,,,25000000.0,0.0,25000000.0,,96000.0
2020-09-30,2020-10-30,10-Q,Fritzy Tech Inc.,FRFR,CIK0001622408,USD,15682.0,,,,25184350.0,,20754.0,,0.0,0.0,,,,0.0,0.0,,0.0,92000000.0,27746000.0,27746000.0,28.0,5300.0,99255.0,0.0,63472.0,,,,,20754.0,,,,,,,,,,,,,,,,,,,,0.0,,,,,,,,,,,,,,0.0,0.0,,,-2389.0,,,7032.0,,,,,7032.0,27786.0,7032.0,,,0.0,0.0,19891.0,,,,134828.0,0.0,,,,,20754.0,,-20754.0,-46151.0,-27786.0,,,,,,18365.0,,,,,27786.0,,,,,,0.0,8000000.0,0.0,0.0,0.0,,,,,20754.0,,,,,0.0,18365.0,-46151.0,,,-25429111.0,,,,,-134828.0,,52277440.0,,5300.0,,0.0,,25000000.0,0.0,,21706326.0
2020-12-31,2021-01-19,10-Q,Fritzy Tech Inc.,FRFR,CIK0001622408,USD,14101.0,,,,25189755.0,,,,0.0,0.0,,,,0.0,,,0.0,92000000.0,27746000.0,27746000.0,28.0,,104660.0,0.0,63472.0,,,,,,,,,,,,,,,,,,,,,,,,,0.0,,,,,,,,,,,,,,,,,,,,,,,,,,,14161.0,,,,,,28647.0,,,,147408.0,0.0,,,,,,,,-17985.0,-14161.0,,,,,,3824.0,,,,,,,-14161.0,,,,0.0,8000000.0,0.0,0.0,0.0,,,,,,,,,,,3824.0,,,,-25447096.0,109905.0,,,,-147408.0,,,,,,,,,0.0,,27746000.0
2021-03-31,2021-05-04,10-Q,Fritzy Tech Inc.,FRFR,CIK0001622408,USD,12277.0,,,,25189755.0,,,,0.0,0.0,,,,0.0,,,1e-06,92000000.0,27746000.0,27746000.0,28.0,,104660.0,0.0,63472.0,,,,,,,,,,,,,,,,,,,,,,,,5574.0,0.0,,,0.0,,,,,,,,,,,,,,,,,,,,,,,,9001.0,,,,,,37648.0,,,,160159.0,0.0,,,,,,,,-12751.0,-9001.0,,,,,,3750.0,,,,,,,,,,,1e-06,8000000.0,0.0,0.0,0.0,,,,,,,,,,,3750.0,,,,-25459847.0,109905.0,,,,-160159.0,,,,,,,,,,,27746000.0
2021-06-30,2021-09-28,10-K,Fritzy Tech Inc.,FRFR,CIK0001622408,USD,12277.0,,,,25189755.0,,26159.0,,0.0,0.0,,,,0.0,0.0,,1e-06,92000000.0,27746000.0,27746000.0,28.0,5300.0,104660.0,0.0,63472.0,,,,,26159.0,,,,,,-76187.0,,,,,,,,,,0.0,,,9324.0,0.0,,0.21,0.0,,,,,,,,,,,,0.0,,,-5794.0,,,33890.0,,,,,,60049.0,,,,,0.0,46749.0,,,,173010.0,0.0,,,,,35483.0,,-35483.0,-89738.0,-60049.0,,,,,,29689.0,,,,,,,,,,,1e-06,8000000.0,0.0,0.0,0.0,,,,,26159.0,,,,,9324.0,29689.0,,,,-25472698.0,109905.0,,0.5,0.0,-173010.0,,,,5300.0,,0.0,,25000000.0,,,26223671.0
2021-09-30,2021-11-09,10-Q,Fritzy Tech Inc.,FRFR,CIK0001622408,USD,14928.0,,,,25189755.0,,0.0,,0.0,0.0,,,,0.0,0.0,,1e-06,92000000.0,27746000.0,27746000.0,28.0,0.0,104660.0,0.0,63472.0,,,,,0.0,,,,,,,,,,,,,,,,,,,22284.0,0.0,,,,,,,,,,,,,,,0.0,,,2651.0,,,9200.0,,,,,9201.0,9201.0,,,,,0.0,55949.0,,,,197821.0,0.0,,,,,12960.0,,-12960.0,-24811.0,-9201.0,,,,,,15610.0,,,,,,,,,,,1e-06,8000000.0,0.0,0.0,0.0,,,,,0.0,,,,,12960.0,15610.0,,,,-25497509.0,109905.0,,,,-197821.0,,52329940.0,,,,,,0.0,,,27746000.0
2021-12-31,2022-02-11,10-Q,Fritzy Tech Inc.,FRFR,CIK0001622408,USD,14178.0,,,,25189755.0,,,,0.0,0.0,,,,0.0,,,1e-06,92000000.0,27746000.0,27746000.0,28.0,,104660.0,0.0,63472.0,,,,,,,,,,,,,,,,,,,,,,,,27784.0,0.0,,,,,,,,,,,,,,,,,,,,,,,,,,,9201.0,,,,,,65150.0,,,,211772.0,0.0,,,,,,,,-13951.0,-9201.0,,,,,,4750.0,,,,,,,,,,,1e-06,8000000.0,0.0,0.0,0.0,,,,,,,,,,,4750.0,,,,-25511460.0,109905.0,,,,-211772.0,,,,,,,,,,,27746000.0
