end,filed,form,Name,Ticker,CIK,Currency,AccountsPayableAndAccruedLiabilitiesCurrent,AccountsReceivableNetCurrent,AccruedLiabilitiesCurrent,AccruedProfessionalFeesCurrent,AccumulatedOtherComprehensiveIncomeLossNetOfTax,AdditionalPaidInCapital,AdvanceRent,AllocatedShareBasedCompensationExpense,AllowanceForDoubtfulAccountsReceivable,Assets,AssetsCurrent,BankOverdrafts,CapitalUnitsAuthorized,CashAndCashEquivalentsAtCarryingValue,CashAndCashEquivalentsPeriodIncreaseDecrease,CashCashEquivalentsRestrictedCashAndRestrictedCashEquivalentsIncludingDisposalGroupAndDiscontinuedOperations,CashCashEquivalentsRestrictedCashAndRestrictedCashEquivalentsPeriodIncreaseDecreaseIncludingExchangeRateEffect,CommonStockParOrStatedValuePerShare,CommonStockShareSubscribedButUnissuedSubscriptionsReceivable,CommonStockSharesAuthorized,CommonStockSharesIssued,CommonStockSharesOutstanding,CommonStockValue,ComprehensiveIncomeNetOfTax,CostOfRevenue,CurrentFederalTaxExpenseBenefit,Depreciation,DueToEmployeesCurrentAndNoncurrent,EarningsPerShareBasicAndDiluted,EffectOfExchangeRateOnCashCashEquivalentsRestrictedCashAndRestrictedCashEquivalentsIncludingDisposalGroupAndDiscontinuedOperations,EmployeeBenefitsAndShareBasedCompensation,ExcessTaxBenefitFromShareBasedCompensationOperatingActivities,FederalIncomeTaxExpenseBenefitContinuingOperations,GeneralAndAdministrativeExpense,GrossProfit,IncomeLossFromContinuingOperationsBeforeIncomeTaxesExtraordinaryItemsNoncontrollingInterest,IncomeTaxExpenseBenefit,IncomeTaxesPaid,IncomeTaxReconciliationIncomeTaxExpenseBenefitAtFederalStatutoryIncomeTaxRate,IncreaseDecreaseInAccountsPayable,IncreaseDecreaseInAccountsPayableAndAccruedLiabilities,IncreaseDecreaseInAccountsReceivable,IncreaseDecreaseInAccruedLiabilities,IncreaseDecreaseInInventories,IncreaseDecreaseInOtherOperatingAssets,IncreaseDecreaseInPrepaidExpense,InterestExpense,InterestPaidNet,InventoryNet,IssuanceOfStockAndWarrantsForServicesOrClaims,LeaseAndRentalExpense,LesseeOperatingLeaseLiabilityPaymentsDue,LesseeOperatingLeaseLiabilityPaymentsDueAfterYearFive,LesseeOperatingLeaseLiabilityPaymentsDueNextTwelveMonths,LesseeOperatingLeaseLiabilityPaymentsDueYearThree,LesseeOperatingLeaseLiabilityPaymentsDueYearTwo,LesseeOperatingLeaseLiabilityPaymentsRemainderOfFiscalYear,LesseeOperatingLeaseLiabilityUndiscountedExcessAmount,Liabilities,LiabilitiesAndStockholdersEquity,LiabilitiesCurrent,LoansPayableCurrent,LongTermDebt,LongTermDebtNoncurrent,MarketingAndAdvertisingExpense,NetCashProvidedByUsedInFinancingActivities,NetCashProvidedByUsedInInvestingActivities,NetCashProvidedByUsedInOperatingActivities,NetIncomeLoss,NonoperatingIncomeExpense,OfficersCompensation,OperatingExpenses,OperatingIncomeLoss,OperatingLeaseExpense,OperatingLeaseLiability,OperatingLeaseLiabilityCurrent,OperatingLeaseLiabilityNoncurrent,OperatingLeaseRightOfUseAsset,OperatingLeasesRentExpenseNet,OperatingLossCarryforwards,OtherAssetsCurrent,OtherComprehensiveIncomeLossForeignCurrencyTransactionAndTranslationAdjustmentBeforeTax,OtherComprehensiveIncomeLossForeignCurrencyTransactionAndTranslationAdjustmentNetOfTax,OtherNonoperatingIncome,PaymentsForRent,PaymentsForRepurchaseOfCommonStock,PaymentsToAcquirePropertyPlantAndEquipment,PreferredStockParOrStatedValuePerShare,PreferredStockSharesAuthorized,PreferredStockSharesIssued,PreferredStockSharesOutstanding,PreferredStockValue,PrepaidExpenseAndOtherAssets,PrepaidExpenseCurrent,PrepaidInsurance,PrepaidRent,ProceedsFromContributedCapital,ProceedsFromIssuanceOfCommonStock,ProceedsFromIssuanceOfLongTermDebt,ProceedsFromIssuanceOfPrivatePlacement,ProceedsFromRepaymentsOfLongTermDebtAndCapitalSecurities,ProceedsFromSaleOfNotesReceivable,ProfessionalFees,PropertyPlantAndEquipmentNet,ProvisionForDoubtfulAccounts,RelatedPartyTransactionSellingGeneralAndAdministrativeExpensesFromTransactionsWithRelatedParty,RetainedEarningsAccumulatedDeficit,RevenueFromContractWithCustomerExcludingAssessedTax,Revenues,SecurityDeposit,SellingGeneralAndAdministrativeExpense,StockholdersEquity,StockIssuedDuringPeriodSharesIssuedForServices,StockIssuedDuringPeriodSharesNewIssues,StockIssuedDuringPeriodValueIssuedForServices,StockIssuedDuringPeriodValueNewIssues,StockIssuedDuringPeriodValueOther,StockRedeemedOrCalledDuringPeriodShares,StockRedeemedOrCalledDuringPeriodValue,WeightedAverageNumberOfShareOutstandingBasicAndDiluted,AreaOfLand,CashCashEquivalentsRestrictedCashAndRestrictedCashEquivalentsPeriodIncreaseDecreaseExcludingExchangeRateEffect,DueToRelatedPartiesCurrent,LesseeOperatingLeaseLiabilityPaymentsDueInRollingYearFive,LesseeOperatingLeaseLiabilityPaymentsDueInRollingYearFour,LesseeOperatingLeaseLiabilityPaymentsDueInRollingYearThree,LesseeOperatingLeaseLiabilityPaymentsDueInRollingYearTwo,LesseeOperatingLeaseLiabilityPaymentsDueNextRollingTwelveMonths,OtherComprehensiveIncomeForeignCurrencyTransactionAndTranslationAdjustmentNetOfTaxPortionAttributableToParent,ShareBasedCompensation
2018-03-31,2018-05-15,10-Q,GLOBAL DIVERSIFIED MARKETING GROUP INC.,GDMK,CIK0001725911,USD,,,,,,,,,,,,,,,,14580.0,14580.0,,,,,,,,118531.0,0.0,139.0,,0.003,,,,0.0,,102664.0,39140.0,0.0,0.0,,,-156022.0,268.0,,-93367.0,,-67.0,,4030.0,,,,,,,,,,,,,,,,,2015.0,38157.0,0.0,-23577.0,39140.0,,,63524.0,,,,,,,4800.0,,,,,,,0.0,0.0,,,,,,,,,,,62000.0,-23843.0,,,,30000.0,,0.0,,,221195.0,,,,,,,,,,,,13000000.0,,,,,,,,,,
2018-06-30,2018-08-21,10-Q,GLOBAL DIVERSIFIED MARKETING GROUP INC.,GDMK,CIK0001725911,USD,,,,,,,,,,,,,,,,49791.0,,,,,,,,,230511.0,,,,0.001,,,,,,130144.0,8524.0,0.0,,,,,,,,,,,,,,,,,,,,,,,,,,,,,,,,8524.0,,,121620.0,,,,,,,4800.0,,,,,,,,,,,,,,,,,,,,,,,,60000.0,,0.0,,,360655.0,,,,48358.0,,,,,,,,13000000.0,,,,,,,,,,
2018-09-30,2018-11-19,10-Q,GLOBAL DIVERSIFIED MARKETING GROUP INC.,GDMK,CIK0001725911,USD,,,0.0,0.0,,4664.0,,,,0.0,,,,0.0,,5766.0,,0.0001,1250.0,100000000.0,13000000.0,13000000.0,1300.0,,163573.0,,,,-0.002,,,,,,87054.0,-19927.0,0.0,,,,,,,,,,,,,,,,,,,,,,0.0,0.0,,,,,,,,,-19927.0,,,106981.0,,,,,,,4800.0,,,,,,,,,0.0001,20000000.0,0.0,0.0,0.0,,,,,,,,,,,37500.0,,0.0,,-4714.0,250627.0,0.0,,,29435.0,,,,,,,,13000000.0,,,,,,,,,,
2018-12-31,2019-04-16,10-K,GLOBAL DIVERSIFIED MARKETING GROUP INC.,GDMK,CIK0001725911,USD,357909.0,2005.0,,,,77966.0,1600.0,,0.0,489677.0,485576.0,,,21515.0,,21515.0,21515.0,0.001,,100000000.0,13340200.0,13340200.0,1334.0,,764378.0,56700.0,556.0,,0.0,,,,0.0,99165.0,397617.0,-52919.0,0.0,0.0,,120313.0,120313.0,-16103.0,,91974.0,,4180.0,11803.0,25247.0,453002.0,,,170856.0,109284.0,19923.0,21132.0,20517.0,,,434111.0,489677.0,434111.0,76202.0,,0.0,3424.0,33616.0,0.0,-12101.0,-52919.0,-11803.0,,438732.0,-41116.0,19344.0,,0.0,0.0,0.0,19334.0,270000.0,,,,,,45000.0,0.0,0.0001,20000000.0,,,,9054.0,9054.0,1854.0,3200.0,,78000.0,616.0,,616.0,-45000.0,127154.0,2501.0,0.0,,-23734.0,1161995.0,,1600.0,,55566.0,,,,78000.0,78000.0,,,13085718.0,,,,,,,,,,
2019-03-31,2019-05-16,10-Q,GLOBAL DIVERSIFIED MARKETING GROUP INC.,GDMK,CIK0001725911,USD,246361.0,19161.0,,,,78002.0,1600.0,,0.0,404735.0,360226.0,,,16568.0,,16568.0,-4947.0,,,200.0,13380200.0,13380200.0,1338.0,,185419.0,6900.0,139.0,49500.0,0.0,,,,0.0,27228.0,70616.0,-33043.0,0.0,0.0,8200.0,,-111548.0,17156.0,,-135798.0,,-1761.0,6765.0,6765.0,317204.0,,,36458.0,,,15732.0,20517.0,19923.0,16514.0,382172.0,404735.0,360297.0,113936.0,,0.0,3424.0,37774.0,0.0,-42721.0,-33043.0,-6765.0,,96894.0,-26278.0,4055.0,36458.0,14583.0,21875.0,40547.0,4055.0,302000.0,,,,,,0.0,0.0,,,,,,7293.0,,,,,40.0,37734.0,,37734.0,,2000.0,2362.0,0.0,,-56777.0,256035.0,256035.0,1600.0,,22563.0,,,,40.0,40.0,,,13363311.0,,,,,,,,,,
2019-06-30,2019-08-16,10-Q,GLOBAL DIVERSIFIED MARKETING GROUP INC.,GDMK,CIK0001725911,USD,127952.0,37730.0,,,,78133.0,1600.0,,0.0,254508.0,214193.0,,,19093.0,,19093.0,,0.0001,,100000000.0,12970200.0,12970200.0,1297.0,,288044.0,,,,0.0,,,,,60656.0,130594.0,-10861.0,0.0,,,,,,,,,,,,150823.0,,,46284.0,,,15732.0,20517.0,10035.0,11570.0,252201.0,254508.0,240904.0,92735.0,0.0,0.0,,,,,-20346.0,,,141455.0,-10861.0,4055.0,31514.0,20217.0,11297.0,36492.0,4055.0,323000.0,,,,,,,,0.0001,20000000.0,,,,6547.0,,,,,,,,,,13081.0,2223.0,0.0,,-77123.0,418638.0,,1600.0,,2307.0,,,,90.0,,,,13113936.0,,,,,,,,,,
2019-09-30,2019-11-14,10-Q,GLOBAL DIVERSIFIED MARKETING GROUP INC.,GDMK,CIK0001725911,USD,229932.0,129158.0,,,,78169.0,1600.0,,0.0,321020.0,284899.0,,,995.0,,995.0,,0.0001,,100000000.0,13010200.0,13010200.0,1301.0,,222357.0,,,,0.0,,,,,48219.0,143997.0,14126.0,0.0,,,,,,,,,,6855.0,,125602.0,,,41340.0,,,15732.0,20517.0,5091.0,11570.0,304547.0,321020.0,298194.0,48045.0,,0.0,,,,,14126.0,-6855.0,,123016.0,20981.0,4055.0,26570.0,20217.0,6353.0,32437.0,4055.0,308000.0,,,,,,,,0.0001,20000000.0,,,,,29144.0,3173.0,0.0,,,,,,,7536.0,2084.0,0.0,,-62997.0,366354.0,,1600.0,,16473.0,,,,40.0,,,,13004765.0,,,,,,,,,,
2019-12-31,2020-03-16,10-K,GLOBAL DIVERSIFIED MARKETING GROUP INC.,GDMK,CIK0001725911,USD,332059.0,52284.0,,,,78169.0,1600.0,0.0,0.0,371531.0,337509.0,,,22291.0,,22291.0,776.0,0.001,,100000000.0,13010200.0,13010200.0,1301.0,-150984.0,946090.0,86000.0,556.0,,-0.01,,,,0.0,159920.0,371002.0,-150984.0,,,,-25850.0,-25850.0,50279.0,,-228627.0,4384.0,25122.0,29955.0,29955.0,224375.0,,28896.0,41493.0,,20517.0,,20976.0,,,466779.0,371531.0,451047.0,98471.0,0.0,,19422.0,22439.0,,-21663.0,-150984.0,-29955.0,198000.0,492031.0,-121029.0,28896.0,,20517.0,15732.0,30477.0,,409000.0,4384.0,,,,,,,0.0001,1000000.0,1000.0,1000.0,,,34176.0,,,,170.0,,,22269.0,,55131.0,1945.0,0.0,,-174718.0,1317092.0,,1600.0,,-95248.0,,,,170.0,,,,12944088.0,,,,,,,,,,
2020-03-31,2020-06-09,10-Q,GLOBAL DIVERSIFIED MARKETING GROUP INC.,GDMK,CIK0001725911,USD,344152.0,39020.0,,,,26098569.0,1600.0,,0.0,446177.0,416349.0,197.0,,,,,-22291.0,0.001,,100000000.0,13010200.0,13010200.0,1301.0,-26001782.0,171858.0,3900.0,139.0,52500.0,-2.0,,26020400.0,-26020400.0,0.0,37795.0,168103.0,-26001782.0,,,,,12093.0,-13264.0,,119165.0,-3385.0,-1385.0,10483.0,10483.0,343539.0,,4302.0,41493.0,,,,20976.0,20517.0,,522807.0,446177.0,512019.0,147153.0,,,6682.0,48682.0,,-70973.0,-26001782.0,-10483.0,52500.0,26159402.0,-25991299.0,4203.0,,20517.0,10788.0,26422.0,,,999.0,,,,,,,0.0001,1000000.0,1000.0,1000.0,,,32791.0,,,,,,,48682.0,,34591.0,1806.0,0.0,26020400.0,-26176500.0,339961.0,339961.0,1600.0,37795.0,-76630.0,,1000.0,,,,,,13010200.0,,,,,,,,,,
2020-06-30,2020-08-11,10-Q,GLOBAL DIVERSIFIED MARKETING GROUP INC.,GDMK,CIK0001725911,USD,306318.0,106114.0,,,,26218509.0,1600.0,,0.0,435758.0,410124.0,,,72093.0,,72093.0,,0.001,,100000000.0,13070200.0,13070200.0,1361.0,-189850.0,192917.0,,,,-0.01,,,,,50745.0,60424.0,-189850.0,,,,,,,,,,,5475.0,,203779.0,,,28211.0,,5844.0,,,22367.0,,582238.0,435758.0,426494.0,69860.0,149900.0,,,,,,-189850.0,-5475.0,,244800.0,-184376.0,4204.0,,20517.0,5844.0,22367.0,,,2147.0,,,,,,,0.0001,1000000.0,1000.0,1000.0,,,25990.0,,,,,,,,,133756.0,1667.0,,,-26366350.0,253341.0,,1600.0,50745.0,-146480.0,,,120000.0,,,,,13070200.0,,,,,,,,,,
2020-09-30,2020-11-04,10-Q,GLOBAL DIVERSIFIED MARKETING GROUP INC.,GDMK,CIK0001725911,USD,267759.0,255728.0,,,,26264807.0,1600.0,,0.0,428960.0,407520.0,,,23500.0,,23500.0,,0.001,,100000000.0,13127200.0,13127200.0,1418.0,59144.0,420698.0,,,,0.0,,,,,91839.0,246539.0,59145.0,,,,,,,,,,,7215.0,,114137.0,,,21417.0,,900.0,,,20517.0,,469941.0,428960.0,319141.0,30865.0,149900.0,,,,,,59144.0,21427.0,,208821.0,37718.0,4203.0,,20517.0,900.0,18312.0,,,999.0,,,28642.0,,,,0.0001,1000000.0,1000.0,1000.0,,,13156.0,,,,,,,,,57773.0,1528.0,,,-26307206.0,667237.0,,1600.0,91839.0,-40981.0,,,46355.0,,,,,13100461.0,,,,,,,,,,
2020-12-31,2021-02-18,10-K,GLOBAL DIVERSIFIED MARKETING GROUP INC.,GDMK,CIK0001725911,USD,472514.0,134570.0,,,9892.0,26267208.0,1600.0,168529.0,0.0,607320.0,590074.0,,,62555.0,,62555.0,40264.0,0.0001,,100000000.0,13132518.0,13132518.0,1313.0,-26145169.0,999911.0,33900.0,556.0,,-2.0,-9892.0,26020400.0,-26020400.0,,301126.0,660815.0,-26155061.0,,,,,140577.0,82286.0,,126240.0,6507.0,-2732.0,34299.0,34299.0,350615.0,168529.0,16255.0,15732.0,,15732.0,,,,,658686.0,607320.0,658686.0,20540.0,149900.0,,93805.0,71969.0,,-41597.0,-26155061.0,5785.0,210000.0,26821661.0,-26160846.0,16225.0,,15732.0,,14257.0,,409000.0,10890.0,,9892.0,40084.0,,,,0.0001,1000000.0,1000.0,1000.0,,,31444.0,,,,,,,-77931.0,,242892.0,1389.0,0.0,26020400.0,-26329779.0,1660726.0,,1600.0,301126.0,-51366.0,,,168651.0,,,,,13076590.0,,30372.0,20540.0,,,,,,,26020400.0
2021-03-31,2021-05-17,10-Q,GLOBAL DIVERSIFIED MARKETING GROUP INC.,GDMK,CIK0001725911,USD,311401.0,276689.0,,,4627.0,27052669.0,1600.0,,0.0,909025.0,895973.0,,,282749.0,,282749.0,225459.0,0.0001,,100000000.0,13897827.0,13897827.0,1390.0,-415810.0,488853.0,,139.0,,-0.03,-5265.0,,,,,334548.0,-410545.0,,,,,-161113.0,142119.0,,-94460.0,2981.0,35065.0,,2677.0,256154.0,485538.0,4356.0,15732.0,,,,,15732.0,,590663.0,909025.0,590663.0,89409.0,179065.0,,59782.0,398034.0,,-172575.0,-410545.0,-2677.0,73750.0,747770.0,-413222.0,4356.0,,10788.0,,10202.0,,,13872.0,-5265.0,-5265.0,,,,,0.0001,1000000.0,1000.0,1000.0,,,66509.0,,,,,,300000.0,68869.0,,524610.0,1250.0,0.0,,-26740324.0,823400.0,,1600.0,143484.0,318362.0,25000.0,765309.0,485538.0,300000.0,,,,13495706.0,,,,,,,,,,
2021-06-30,2021-08-10,10-Q,GLOBAL DIVERSIFIED MARKETING GROUP INC.,GDMK,CIK0001725911,USD,582926.0,211410.0,,,4960.0,27327175.0,1600.0,,0.0,1054567.0,1045709.0,,,152436.0,,152436.0,,0.0001,,100000000.0,14047006.0,14047006.0,1405.0,-371799.0,316856.0,,,,-0.03,,,,,,239723.0,-372132.0,,,,,,,,,,,,,667046.0,,,15372.0,,,,,15732.0,,833485.0,1054567.0,833485.0,65649.0,179065.0,,,,,,-372132.0,-3746.0,,608109.0,-368386.0,4356.0,,5844.0,,6147.0,,,999.0,333.0,333.0,,,,,0.0001,1000000.0,1000.0,1000.0,,,13819.0,,,,,,,,,110435.0,1111.0,,,-27112458.0,556579.0,,1600.0,168343.0,221082.0,,,274521.0,,,,,14029474.0,,,,,,,,,,
2021-09-30,2021-11-15,10-Q,GLOBAL DIVERSIFIED MARKETING GROUP INC.,GDMK,CIK0001725911,USD,390614.0,149231.0,,,3019.0,27351373.0,1600.0,,,1183039.0,1178375.0,,,393254.0,,393254.0,,0.0001,,100000000.0,14067006.0,14067006.0,1407.0,-29373.0,451069.0,,,,0.0,,,,,,281532.0,-27432.0,,,,,,,,,,,,,634891.0,,,15372.0,,,,,15732.0,,967129.0,1183039.0,967129.0,46549.0,529065.0,,,,,,-27432.0,-4905.0,,304060.0,-22528.0,4356.0,,900.0,,2092.0,,,999.0,-1941.0,-1941.0,,,,,0.0001,1000000.0,1000.0,1000.0,,,,,,,,,,,,40977.0,972.0,,,-27139889.0,732601.0,,1600.0,120448.0,215910.0,,,24200.0,,,,,14053310.0,,,,,,,,,,
2021-12-31,2022-03-14,10-K,GLOBAL DIVERSIFIED MARKETING GROUP INC.,GDMK,CIK0001725911,USD,491684.0,174579.0,,,1895.0,27688665.0,,1121952.0,0.0,1287175.0,1204472.0,,,312574.0,,312574.0,,0.0001,,100000000.0,14473256.0,14473256.0,1447.0,-1205882.0,1629116.0,48000.0,556.0,,-0.09,7997.0,,,,,1035901.0,-1213879.0,,,,,19170.0,40009.0,,313722.0,-9892.0,20539.0,,12601.0,664337.0,1121592.0,21254.0,103509.0,,,,,,,1138826.0,1287175.0,1072063.0,37807.0,,,173741.0,696432.0,,-438415.0,-1213879.0,-12601.0,,2237178.0,-1201278.0,21254.0,,13508.0,66763.0,80271.0,,409000.0,999.0,-7997.0,7997.0,,,,,0.0001,1000000.0,1000.0,1000.0,,,51984.0,,,,,,300000.0,17267.0,,1041542.0,833.0,0.0,,-27543659.0,2665017.0,,1600.0,516623.0,148349.0,,,1121591.0,300000.0,,,,14011246.0,,258017.0,0.0,17194.0,22425.0,21771.0,21137.0,20980.0,1895.0,
