end,filed,form,Name,Ticker,CIK,Currency,AccountsPayableAndAccruedLiabilitiesCurrent,AccountsPayableOtherCurrent,AccountsPayableRelatedParties,AccountsPayableRelatedPartiesCurrent,AccountsReceivableNet,AccountsReceivableNetCurrent,AccountsReceivableRelatedPartiesCurrent,AdditionalPaidInCapital,AdjustmentForAmortization,AdjustmentsToAdditionalPaidInCapitalConvertibleDebtWithConversionFeature,AdjustmentsToAdditionalPaidInCapitalEquityComponentOfConvertibleDebtSubsequentAdjustments,AdjustmentsToAdditionalPaidInCapitalOther,AdjustmentsToAdditionalPaidInCapitalSharebasedCompensationAndExerciseOfStockOptions,AdjustmentsToAdditionalPaidInCapitalStockIssuedIssuanceCosts,AdvertisingExpense,AllocatedShareBasedCompensationExpense,AmortizationOfFinancingCostsAndDiscounts,AmortizationOfIntangibleAssets,AssetImpairmentCharges,Assets,AssetsCurrent,BankingFeesAndCommissions,BankOverdrafts,CapitalizedContractCostAmortization,Cash,CashAndCashEquivalentsAtCarryingValue,CashAndCashEquivalentsFairValueDisclosure,CashAndCashEquivalentsPeriodIncreaseDecrease,CashPeriodIncreaseDecrease,CommonStockCapitalSharesReservedForFutureIssuance,CommonStockParOrStatedValuePerShare,CommonStockShareSubscribedButUnissuedSubscriptionsReceivable,CommonStockSharesAuthorized,CommonStockSharesIssued,CommonStockSharesOutstanding,CommonStockSharesSubscribedButUnissued,CommonStockSharesSubscriptions,CommonStockValue,CommunicationsAndInformationTechnology,ConversionOfStockAmountConverted,ConvertibleDebt,ConvertibleDebtNoncurrent,ConvertibleLongTermNotesPayable,CostOfGoodsAndServicesSold,CostOfRevenue,CostsAndExpensesRelatedParty,DebtConversionConvertedInstrumentAmount,DebtConversionOriginalDebtAmount1,DebtInstrumentInterestRateStatedPercentage,DeferredCompensationArrangementWithIndividualAllocatedShareBasedCompensationExpense,DeferredCompensationLiabilityCurrent,DeferredRevenueCurrent,DeferredRevenueRevenueRecognized1,DeferredTaxAssetsCapitalLossCarryforwards,DevelopmentStageEnterpriseDeficitAccumulatedDuringDevelopmentStage,DueToRelatedParties,DueToRelatedPartiesCurrent,EarningsPerShareBasic,EarningsPerShareBasicAndDiluted,EmployeeBenefitsAndShareBasedCompensationNoncash,EquipmentExpense,ExchangeFees,ExtinguishmentOfDebtGainLossNetOfTax,FeesAndCommissionsDepositorAccounts,FiniteLivedIntangibleAssetsAccumulatedAmortization,FiniteLivedIntangibleAssetsGross,FiniteLivedIntangibleAssetsNet,FreightCosts,GainLossOnSaleOfEquityInvestments,GainLossOnSalesOfAssetsAndAssetImpairmentCharges,GainsLossesOnExtinguishmentOfDebt,GeneralAndAdministrativeExpense,GeneralContractorCosts,GoodwillImpairedAccumulatedImpairmentLoss,GrossProfit,ImpairmentChargeOnReclassifiedAssets,IncomeLossFromContinuingOperations,IncomeTaxesPaid,IncomeTaxesPaidNet,IncomeTaxReconciliationChangeInDeferredTaxAssetsValuationAllowance,IncreaseDecreaseInAccountsPayable,IncreaseDecreaseInAccountsPayableAndAccruedLiabilities,IncreaseDecreaseInAccountsPayableRelatedParties,IncreaseDecreaseInAccountsReceivable,IncreaseDecreaseInDeferredRevenue,IncreaseDecreaseInDueToRelatedParties,IncreaseDecreaseInDueToRelatedPartiesCurrent,IncreaseDecreaseInIntangibleAssetsCurrent,IncreaseDecreaseInInterestPayableNet,IncreaseDecreaseInNotesPayableRelatedParties,IncreaseDecreaseInPrepaidExpense,IndefiniteLivedIntangibleAssets,IntangibleAssetsGrossExcludingGoodwill,IntangibleAssetsNetExcludingGoodwill,InterestExpense,InterestExpenseRelatedParty,InterestPaid,InterestPaidNet,IssuanceOfStockAndWarrantsForServicesOrClaims,LegalFees,Liabilities,LiabilitiesAndStockholdersEquity,LiabilitiesCurrent,LiabilitiesNoncurrent,LicenseAndServicesRevenue,LicenseCosts,LicensesRevenue,LoansAssumed1,LoansPayable,LoansPayableCurrent,LongTermDebtPercentageBearingVariableInterestRate,MaintenanceRevenue,ManagementFeeExpense,ManagementFeesRevenue,MarketingAndAdvertisingExpense,MarketingExpense,NetCashProvidedByUsedInFinancingActivities,NetCashProvidedByUsedInInvestingActivities,NetCashProvidedByUsedInOperatingActivities,NetIncomeLoss,NoninterestExpenseDirectorsFees,NoninterestExpenseOfferingCost,NotesPayableRelatedPartiesNoncurrent,OfficersCompensation,OperatingExpenses,OperatingIncomeLoss,OperatingLeasesFutureMinimumPaymentsDueCurrent,OperatingLossCarryforwards,OperatingLossCarryforwardsValuationAllowance,OptionIndexedToIssuersEquityStrikePrice1,OtherAmortizationOfDeferredCharges,OtherCommitment,OtherCostAndExpenseOperating,OtherCostOfServices,OtherExpenses,OtherGeneralAndAdministrativeExpense,OtherIntangibleAssetsNet,OtherLoansPayableCurrent,OtherNonoperatingExpense,OtherNonoperatingIncomeExpense,OtherOperatingIncomeExpenseNet,PaymentsForLoans,PaymentsOfStockIssuanceCosts,PaymentsToAcquireIntangibleAssets,PreferredStockParOrStatedValuePerShare,PreferredStockSharesAuthorized,PreferredStockValue,PrepaidExpenseCurrent,ProceedsFromContributedCapital,ProceedsFromConvertibleDebt,ProceedsFromIssuanceOfCommonStock,ProceedsFromIssuanceOfDebt,ProceedsFromIssuanceOrSaleOfEquity,ProceedsFromLoans,ProceedsFromOtherDebt,ProceedsFromOtherEquity,ProceedsFromRelatedPartyDebt,ProceedsFromRepaymentsOfOtherDebt,ProceedsFromShortTermDebt,ProductionAndDistributionCosts,ProfessionalAndContractServicesExpense,ProfessionalFees,PromotionalAllowances,RelatedPartyTransactionSellingGeneralAndAdministrativeExpensesFromTransactionsWithRelatedParty,RepaymentsOfDebt,RepaymentsOfNotesPayable,RepaymentsOfShortTermDebt,RetainedEarningsAccumulatedDeficit,Revenues,RoyaltyRevenue,SaleOfStockConsiderationReceivedPerTransaction,SalesRevenueGoodsNet,SalesRevenueServicesGross,SalesRevenueServicesNet,SellingExpense,SellingGeneralAndAdministrativeExpense,ShareBasedCompensation,ShareBasedCompensationArrangementByShareBasedPaymentAwardOptionsGrantsInPeriod,ShareBasedCompensationArrangementByShareBasedPaymentAwardOptionsOutstandingNumber,ShareBasedCompensationArrangementByShareBasedPaymentAwardOptionsOutstandingWeightedAverageExercisePrice,ShareBasedGoodsAndNonemployeeServicesTransactionCashFlowEffects,StockholdersEquity,StockholdersEquityIncludingPortionAttributableToNoncontrollingInterest,StockholdersEquityPeriodIncreaseDecrease,StockIssued,StockIssued1,StockIssuedDuringPeriodSharesConversionOfConvertibleSecurities,StockIssuedDuringPeriodSharesIssuedForCash,StockIssuedDuringPeriodSharesIssuedForServices,StockIssuedDuringPeriodSharesNewIssues,StockIssuedDuringPeriodSharesOther,StockIssuedDuringPeriodSharesShareBasedCompensation,StockIssuedDuringPeriodSharesShareBasedCompensationGross,StockIssuedDuringPeriodValueConversionOfConvertibleSecurities,StockIssuedDuringPeriodValueConversionOfConvertibleSecuritiesNetOfAdjustments,StockIssuedDuringPeriodValueIssuedForCash,StockIssuedDuringPeriodValueIssuedForServices,StockIssuedDuringPeriodValueNewIssues,StockIssuedDuringPeriodValueOther,StockIssuedDuringPeriodValueShareBasedCompensation,StockIssuedDuringPeriodValueShareBasedCompensationForfeited,StockIssuedDuringPeriodValueShareBasedCompensationGross,TechnologyServicesCosts,TravelAndEntertainmentExpense,TreasuryStockCommonValue,TreasuryStockShares,TreasuryStockValue,ValuationAllowancesAndReservesPeriodIncreaseDecrease,WeightedAverageNumberOfShareOutstandingBasicAndDiluted,WeightedAverageNumberOfSharesOutstandingBasic,ProceedsFromIssuanceOfSharesUnderIncentiveAndShareBasedCompensationPlans
2010-06-30,2010-10-04,10-K,"AS-IP TECH, INC.",IPTK,CIK0001067873,USD,,,,,,,,,,,,,,,,,,,,,,,,,,5508.0,,,,,,,,,,,,,,,,,,,,,,,,,,,,,,,,,,,,,,,,,,,,,,,,,,,,,,,,,,,,,,,,,,,,,,,,,,,,,,,,,,,,,,,,,,,,,,,,,,,,,,,,,,,,,,,,,,,,,,,,,,,,,,,,,,,,,,,,,,,,,,,,,,,,,,,,,,,,,,,,,,,,,,,,,,,,,,,,,,,,,,,,,
2010-09-30,2010-11-22,10-Q,"AS-IP TECH, INC.",IPTK,CIK0001067873,USD,,,,,,,,,,,,,,,,,,,,,,,,,,234.0,,-5274.0,,,,,,,,,,,,,,,,,,,,,,,,,,,,,,0.0,,,,,,418.0,,,,,,,,279.0,,,,,,,,,,5685.0,,,,,6724.0,,,,,,,,,,,,,1313.0,,,,,,,,,,,,,,,,,6724.0,,-11998.0,-19583.0,,,,6000.0,19583.0,,,,,,,,,,,420.0,,,,,,,,,,,,,,,,,,,,,,,,,1900.0,8400.0,853.0,,,,,,,,,,,,,,1900.0,,,,,,,,,,,,,,,,,,,,,,,,,,,,,,,,,71110814.0,
2010-12-31,2011-02-14,10-Q,"AS-IP TECH, INC.",IPTK,CIK0001067873,USD,,,,,,,,,,,,,,,,,,,,,,,,,,73.0,,,,,,,,,,,,,,,,,,,,,,,,,,,,,,,,0.0,,,,,,344.0,,,,,,,,1600.0,,,,,,,,,,,,,,,,,,,,,,,,,,,,,,,,,,,,,,,,,,,,,,,,-12843.0,,,,6098.0,12843.0,,,,,,,,,,,603.0,,,,,,,,,,,,,,,,,,,,,,,,,,2094.0,1229.0,,,,,,,,,,,,,,,,,,,,,,,,,,,,,,,,,,,,,,,,,,,,,,,76954609.0,
2011-03-31,2011-05-11,10-Q,"AS-IP TECH, INC.",IPTK,CIK0001067873,USD,,,,,,,,,,,,,,,,,,,,,,,,,,20.0,,,,,,,,,,,,,,,,,,,,,,,,,,,,,,,,0.0,,,,,,259.0,,,,,,,,1138.0,,,,,,,,,,,,,,,,,,,,,,,,,,,,,,,,,,,,,,,,,,,,,,,,-10385.0,,,,6186.0,10385.0,,,,,,,,,,,374.0,,,,,,,,,,,,,,,,,,,,,,,,,,2103.0,325.0,,,,,,,,,,,,,,,,,,,,,,,,,,,,,,,,,,,,,,,,,,,,,,,77132387.0,
2011-06-30,2011-10-13,10-K,"AS-IP TECH, INC.",IPTK,CIK0001067873,USD,18073.0,,,290571.0,,,,7999340.0,,,,,,,,,,,,158.0,158.0,,,,158.0,158.0,158.0,,-5350.0,,0.0001,,100000000.0,71460814.0,71460814.0,,144940.0,7146.0,,,,,,,,,,,,,,,,,,,228811.0,0.0,,,,,,,,,,,,,,,,,,,-47148.0,,,,-1049.0,,,,,,,,,,,,,,,,,,,,537455.0,158.0,537455.0,,,,,,,,,,,,,,39347.0,,-44697.0,-47148.0,,,,24641.0,,,,,,,,,,,,,,,,,,,,,0.0001,20000000.0,,,,,2500.0,,,,,,36847.0,,,,,,,,,,,-8688718.0,,,,,,,,22507.0,3500.0,,,,,-537297.0,,,,,,,,,,,,,,,,,,,,,,,,50000.0,-5.0,,,71263280.0,
2011-09-30,2011-11-17,10-Q,"AS-IP TECH, INC.",IPTK,CIK0001067873,USD,18118.0,,,297947.0,,,,7999341.0,,,,,,,,,,,,60.0,60.0,,,,,60.0,,-98.0,,,0.0001,,100000000.0,71460814.0,71460814.0,,144940.0,7146.0,,,,,,,,5875.0,,,,,,,,,,,228811.0,0.0,,,,,,267.0,,,,,,,,406.0,,,,,,,,,46.0,46.0,7376.0,,,,,,,7367.0,,,,,,,,,,,544876.0,60.0,544876.0,,,,,,,,,,,,,,,,-98.0,-7520.0,,,,5875.0,7520.0,,,,,,,,,,,335.0,,,,,,,,,0.0001,20000000.0,,,,,,,,,,,,,,,,,637.0,,,,,-8696238.0,,,,,,,,,,,,,,-544816.0,,,,,,,,,,,,,,,,,,,,,,,,50000.0,-5.0,,,71460814.0,
2011-12-31,2012-02-14,10-Q,"AS-IP TECH, INC.",IPTK,CIK0001067873,USD,18994.0,,,273081.0,,,,8098940.0,,,,,,,,,,,,,,,46.0,,,,,,,,0.0001,,100000000.0,75460814.0,75460814.0,,144940.0,7546.0,,50000.0,,,,,,6000.0,,,,,,,,,,,228811.0,0.0,,,,,,239.0,,,,,,,,1572.0,,,,,,,,,,,,,,,,,,,,,,,,,,,,865.0,520932.0,,520932.0,,,,,,,,,,,,,,,,,-76115.0,50000.0,,,6000.0,76115.0,,,,,,,,,,,452.0,,,,,,,,,0.0001,20000000.0,,,,,,,,,,,,,,,,16126.0,661.0,,,,,-8772353.0,,,,,,,,,,,,,,-520932.0,,,,,,,,,,,,,,,,,,,,,,200.0,,50000.0,-5.0,,,73219056.0,
2012-03-31,2012-05-10,10-Q,"AS-IP TECH, INC.",IPTK,CIK0001067873,USD,19016.0,,,269670.0,,,,8021016.0,,,,,,,,,,,,120.0,120.0,,,,,120.0,120.0,,,,0.0001,,100000000.0,72210814.0,72210814.0,,244940.0,7221.0,,,,,,,,6231.0,50000.0,,,,,,,,,,228811.0,0.0,,,,,6750.0,340.0,,,,,,,,1892.0,,,,,,,,,,,,,,,,,,,,,,,,,,,,,517497.0,120.0,517497.0,,,,,,,,,,,,,,,,,-18197.0,,,,6231.0,18197.0,,,,,,,,,,,209.0,,,,,,,,,0.0001,20000000.0,,,,,,,,,,,,,,,,2768.0,7.0,,,,,-8790549.0,,,,,,,,,,,,,,-517377.0,,,,,,,,,,,,,,,,,,,,,,,,50000.0,-5.0,,,71605359.0,
2012-06-30,2012-10-12,10-K,"AS-IP TECH, INC.",IPTK,CIK0001067873,USD,23186.0,,289579.0,289579.0,,,,8113145.0,,,,,,,,,,,,5215.0,601.0,,,,101.0,101.0,101.0,-57.0,-57.0,,0.0001,152440.0,100000000.0,75910814.0,75910814.0,6071573.0,152440.0,7591.0,,,,,,,,,50000.0,,,,,,,,-8809532.0,228811.0,228811.0,0.0,,,,,6750.0,,,,,,,,,,,,,,-120814.0,,,,5113.0,,,,,,,-4614.0,,24000.0,-500.0,,,,,,,,,,541576.0,5215.0,541576.0,,,,,,,,,,,,,,40008.0,-4614.0,-35451.0,-120814.0,50000.0,,,24000.0,120814.0,,,,8809532.0,,,,,,,,4614.0,,,,,,,4614.0,0.0001,20000000.0,,500.0,,,,,,,,,1479.0,,,,,,,24000.0,,,,-8809532.0,,,,,,,,46814.0,,,,,50000.0,-536361.0,,,15000.0,50000.0,,,,,,,,,,,,,,,,,,,,50000.0,5.0,120814.0,,74361498.0,
2012-09-30,2012-11-13,10-Q,"AS-IP TECH, INC.",IPTK,CIK0001067873,USD,28086.0,,301342.0,301342.0,,,,8113145.0,,,,,,,,,,,,4683.0,69.0,,,,,69.0,69.0,-32.0,,,0.0001,,100000000.0,75910814.0,75910814.0,,152440.0,7591.0,,,,,,,,6000.0,,,,,,,,,-8826727.0,228811.0,228811.0,0.0,,,,,,198.0,,,,,,,,375.0,,,,,,,,,4900.0,,,,,,,,,6000.0,500.0,,,,,,,,,,558239.0,4683.0,558239.0,,,,,,,,,,,,,,5763.0,,-5795.0,-17195.0,,,,6000.0,17195.0,,,,,,,,,,,97.0,4614.0,,,,,,,,0.0001,20000000.0,,,,,,,,,,,166.0,,,,,10525.0,,6000.0,,,,8826727.0,,,,,,,,,,,,,,-553556.0,,,,,,,,,,,,,,,,,,,,,,,,50000.0,-5.0,,,75910814.0,
2012-12-31,2013-02-12,10-Q,"AS-IP TECH, INC.",IPTK,CIK0001067873,USD,23596.0,,323012.0,323012.0,,,,8113145.0,,,,,,,,,,,,7253.0,2639.0,,,,,67.0,67.0,,,,0.0001,,100000000.0,75910814.0,75910814.0,,152440.0,7591.0,,,,,,,,6000.0,,,,,,,,,-8841337.0,228811.0,228811.0,0.0,,,,,,369.0,,,,,,,,2140.0,,,,,,,,,,,,,,,,,,,,,,,,,,,,367.0,575419.0,7253.0,575419.0,,,,,,,,,,,,,,,,,-14610.0,,,,6000.0,14610.0,,,,,,,,,,,234.0,4614.0,,,,,,,,0.0001,20000000.0,,2572.0,,,,,,,,,,,,,,5500.0,,6000.0,,,,8841337.0,,,,,,,,,,,,,,-568166.0,,,,,,,,,,,,,,,,,,,,,,,,50000.0,-5.0,,,75910814.0,
2013-03-31,2013-05-10,10-Q,"AS-IP TECH, INC.",IPTK,CIK0001067873,USD,24261.0,,326606.0,326606.0,,,,8135529.0,,,,9933.0,,,,,,,,8723.0,4109.0,,,,,3128.0,3128.0,,,,0.0001,,100000000.0,77077481.0,77077481.0,,139940.0,7707.0,,,,,,,,6000.0,,,,,,,,,-8854126.0,228811.0,228811.0,0.0,,,,,,183.0,,,,,,,,4788.0,,,4572.0,,,,,,,,,,,,,,,,,,,,,,,,,1592.0,579678.0,8723.0,579678.0,,,,,,,,,,,4572.0,,,,,,-12790.0,,,,6000.0,17362.0,,,,,,,,,,,289.0,4614.0,,,,,,,,0.0001,20000000.0,,981.0,,,,,,,,,,,,,,4040.0,470.0,6000.0,,,,8854126.0,,4572.0,,,,,,,,,,,,-570955.0,,67.0,,,,666667.0,,,500000.0,,,,,10000.0,,,,,,,,,,50000.0,-5.0,,,76494147.0,
2013-06-30,2013-09-20,10-K,"AS-IP TECH, INC.",IPTK,CIK0001067873,USD,25590.0,,,288606.0,,,,8225079.0,,,,,,,,,,,,43592.0,38978.0,,,,38978.0,38977.0,38978.0,38876.0,,,0.0001,139940.0,100000000.0,81577481.0,81577481.0,5571573.0,139940.0,8158.0,,,,,,2717.0,,,,,,,,,,,,,228811.0,0.0,,,,,,,,,,,,,,,,,5051.0,,-68106.0,,,,2404.0,,,,,,,,,,500.0,,,,,,,,,,543007.0,43592.0,543007.0,,,,6703.0,,,,,,,1065.0,,,99027.0,,-60151.0,-63055.0,,,,30000.0,68106.0,,,2120002.0,1982313.0,,,,,,,,4614.0,,,,,,,,0.0001,20000000.0,,,,,60000.0,,,,,,408.0,,,,,,,30000.0,,,,-8872587.0,7768.0,6703.0,,,,,,38106.0,,,,,,-499415.0,,,40000.0,40000.0,,,,,,,,,,,,,,,,,,,,50000.0,5.0,15038.0,,77277481.0,
2013-09-30,2013-11-08,10-Q,"AS-IP TECH, INC.",IPTK,CIK0001067873,USD,30846.0,,,290985.0,,,,8225079.0,,,,,,,,,,,,19003.0,14389.0,453.0,,,14389.0,14389.0,,-24589.0,,,0.0001,,100000000.0,81577481.0,81577481.0,,139940.0,8158.0,,,,,,1357.0,,,,,,,,,,,,,228811.0,0.0,,,,100.0,,453.0,,,,,,,,853.0,,,2210.0,,,,,,5256.0,,,5256.0,,,,,,,,,,,,,,,,2399.0,550642.0,19003.0,550642.0,,3567.0,2399.0,,,,,,,,,360.0,,2378.0,,-26967.0,-32223.0,,,,15000.0,34433.0,,,,,,,,,,,1848.0,4614.0,,100.0,,,,,,0.0001,20000000.0,,,,,,,,,,,,,,,,13420.0,360.0,15000.0,,,,-8904811.0,,3567.0,,,,,,,,,,,,-531639.0,,,,,,,,,,,,,,,,,,,,,,,,50000.0,5.0,,,81577481.0,
2013-12-31,2014-02-12,10-Q,"AS-IP TECH, INC.",IPTK,CIK0001067873,USD,19942.0,,,288606.0,,10186.0,,8253341.0,,,,,,,,,,,,28775.0,24161.0,388.0,,,,13975.0,13975.0,,,,0.0001,,100000000.0,82997656.0,82997656.0,,139940.0,8300.0,,,,,,3814.0,,,,,,,,,,,,,228811.0,0.0,,,,110.0,,388.0,,,,,,,,868.0,,,15358.0,,,,,,,,,,,,,,,,,,,,,,,,,,537359.0,28775.0,537359.0,,19172.0,,,,,,,,,19172.0,462.0,,,,,-5349.0,,,,15000.0,20707.0,,,,,,,,,,734.0,985.0,4614.0,,110.0,,,,734.0,,0.0001,20000000.0,,,,,,,,,,,,,,,,2160.0,462.0,15000.0,,,,-8910160.0,,,,,,,,,,,,,,-508584.0,,,,,,,,,,,,,,,,,,,,,,,,50000.0,5.0,,,82287568.0,
2014-03-31,2014-05-12,10-Q,"AS-IP TECH, INC.",IPTK,CIK0001067873,USD,19145.0,,,275005.0,,8695.0,,8306346.0,,,,,,,,,,,,52913.0,48299.0,398.0,,,,39604.0,39604.0,,,,0.0001,,100000000.0,85477127.0,85477127.0,,139940.0,8547.0,,,,,,12273.0,,,,,,,,,,,,,228811.0,0.0,,,,,,398.0,,,,,,,,1499.0,,,14407.0,,,,,,,,,,,,,,,,,,,,,,,,,,522961.0,52913.0,522961.0,,26680.0,,,,,,,,,26680.0,737.0,,,,,-14716.0,,,,15000.0,29123.0,,,,,,,,,,2536.0,6913.0,4614.0,,,,,,2536.0,,0.0001,20000000.0,,,,,,,,,,,,,,,,2040.0,737.0,15000.0,,,,-8924876.0,,,,,,,,,,,,,,-470048.0,,,,,,,,,,,,,,,,,,,,,,,,50000.0,5.0,,,84237391.0,
2014-06-30,2014-09-26,10-K,"AS-IP TECH, INC.",IPTK,CIK0001067873,USD,19469.0,,,261473.0,11414.0,11414.0,,8360130.0,,,,,,,,,,,,28376.0,23762.0,,,,12348.0,12348.0,,-26629.0,,,0.0001,,100000000.0,86348704.0,86348704.0,4965556.0,91380.0,8635.0,,,,,,30879.0,,,,,,,,,,,,,228811.0,0.0,,,,,,,,,,,,,,,,,45358.0,,-68930.0,,,67310.0,-6121.0,,,-11414.0,,-27133.0,,,,,,4614.0,,,,,,,6269.0,,509753.0,28376.0,509753.0,,,,42255.0,,,,,,,33982.0,,,80700.0,,-107329.0,-68930.0,,,,60000.0,114288.0,,2400.0,8939897.0,1997351.0,,,,,,,,4614.0,,,,,,,,0.0001,20000000.0,,,,,80700.0,,,,,,,,,,,,,60000.0,,,,-8941517.0,76237.0,,,,33982.0,,,54288.0,,,,,,-481377.0,,,,48560.0,,,,,,,,,,,,,,,,,,,,50000.0,5.0,67310.0,,83595690.0,
2014-09-30,2014-11-14,10-Q,"AS-IP TECH, INC.",IPTK,CIK0001067873,USD,26742.0,,,273261.0,7341.0,,,8360130.0,,,,,,,,,,,,12064.0,7450.0,523.0,,,109.0,108.0,,-12240.0,,,0.0001,,100000000.0,86348704.0,86348704.0,,91380.0,8635.0,,,,,,19735.0,,,,,,,,,,,,,228811.0,0.0,,,,,,,,,,,,,,913.0,,,2401.0,,,,,,7272.0,,,4073.0,,11788.0,,,,,,,,,,,,,,,528814.0,12064.0,528814.0,,22136.0,265.0,,,,,,,,,400.0,,,,-12240.0,-35373.0,,,,15000.0,37774.0,,,,,,,,,,,8781.0,4614.0,,12.0,,,,,,0.0001,20000000.0,,,,,,,,,,,,,,,,11880.0,,15000.0,,,,-8976890.0,,,,,,,,,,,,,,-516750.0,,,,,,,,,,,,,,,,,,,,,,,,50000.0,5.0,,,86348704.0,
2014-12-31,2015-02-12,10-Q,"AS-IP TECH, INC.",IPTK,CIK0001067873,USD,16952.0,,,291745.0,10377.0,,,8360130.0,,,,,,,,,,,,45980.0,41366.0,,,,30989.0,30989.0,,,,,0.0001,,100000000.0,86348704.0,86348704.0,,91380.0,8635.0,,,,,,,,,,,0.2,,,,,,,,228811.0,0.0,,,,,,,,,,,,,,561.0,,,3045.0,,,,,,,,,,,,,,,,,,,,,,,,,,587508.0,45980.0,587508.0,,3045.0,,,,,50000.0,,,,,384.0,,,,,-24778.0,,,,15000.0,27823.0,,,,,,,,,,,8758.0,4614.0,,9.0,,,,,,0.0001,50000000.0,,,,,,,,,,,,,,,,3120.0,,15000.0,,,,-9001668.0,3045.0,,,,,,,,,,,,,-541528.0,,,,,,,,,,,,,,,,,,,,,,,,50000.0,5.0,,,86348704.0,
2015-03-31,2015-05-13,10-Q,"AS-IP TECH, INC.",IPTK,CIK0001067873,USD,15245.0,,,294953.0,21890.0,,,8422380.0,,,,62250.0,,,,,,,,26835.0,22221.0,265.0,,,331.0,331.0,,,,,0.0001,,500000000.0,88848704.0,88848704.0,,91380.0,8884.0,,,,,,,,,,,,,,,,,,,228811.0,0.0,,,,9.0,,,,,,,,,,45.0,,,5823.0,,,,,,,,,,,,,,,,,,,,2414.0,,,,,,583788.0,26835.0,583788.0,,5823.0,,5823.0,,,44779.0,,,,,,,,,,-77924.0,,,,15000.0,83747.0,,,,,,,,,,,1894.0,4614.0,,9.0,,,,62500.0,,0.0001,50000000.0,,,,,,,,,,,,,,,,1620.0,,15000.0,,,,-9079592.0,5823.0,,,,,,,,,,,,,-556953.0,,,,,,,,2500000.0,,,,,,,,250.0,,,,,,,,50000.0,5.0,,,87598704.0,
2015-06-30,2015-09-28,10-K,"AS-IP TECH, INC.",IPTK,CIK0001067873,USD,7281.0,,,268670.0,13438.0,,,8464091.0,4614.0,,,,,,,,,4614.0,,13660.0,13660.0,,,,222.0,222.0,,-12126.0,,,0.0001,,500000000.0,90994704.0,90994704.0,4965556.0,91380.0,9094.0,,,,,,19735.0,,,,,,,,,,,,,228811.0,0.0,,,,,,,,,,,,,,,,,13967.0,,-153413.0,,,18000.0,-12188.0,,,-2024.0,,47198.0,,,,,,,,,,,,,,,544059.0,13660.0,544059.0,,,,14184.0,,,39297.0,,19518.0,,,,,39296.0,,-51422.0,-153413.0,60000.0,,,60000.0,167380.0,,3200.0,8991319.0,2015351.0,,,,,,,,,,,,,,,,0.0001,50000000.0,,,,,,,,39296.0,,,39296.0,,,,,,,60000.0,,,,-9094959.0,33702.0,,,,19518.0,,,107380.0,,,,,,-530399.0,,,,41920.0,,,,,,,,,,,,,,,,,,,,50000.0,5.0,,,87767904.0,
2015-09-30,2015-11-12,10-Q,"AS-IP TECH, INC.",IPTK,CIK0001067873,USD,11497.0,,,275193.0,694.0,,,8495439.0,,,,31349.0,,,,,,,,13726.0,13726.0,20.0,,,13032.0,13032.0,,12810.0,,,0.0001,,500000000.0,90994704.0,90994704.0,,91380.0,9246.0,,,,,,,,,,,,,,,,,,,228811.0,0.0,,,,,,,,,,,,,,144.0,,,903.0,,,,,,4216.0,,,12744.0,,6523.0,,,,,,,,,1870.0,,,,,,569032.0,13726.0,569032.0,,903.0,210.0,903.0,,,53531.0,,,,,,,17734.0,,-4924.0,-56407.0,,,,15000.0,57310.0,,15000.0,,,,,,,,,1266.0,,,,,,,28000.0,,0.0001,50000000.0,,,,,3500.0,,,,14234.0,,,,,,,10800.0,,15000.0,,,,-9151366.0,903.0,,,,,,,,,,,,,-555306.0,,,,28000.0,,,,1512500.0,,,,,,,,151.0,,,,,,,,50000.0,5.0,,,91700954.0,
2015-12-31,2016-02-11,10-Q,"AS-IP TECH, INC.",IPTK,CIK0001067873,USD,6227.0,,,286811.0,578.0,,,8495439.0,,,,,,,,,,,,5136.0,5136.0,195.0,,,4558.0,4558.0,,,,,0.0001,,500000000.0,92457204.0,92457204.0,,91380.0,9246.0,,,,,,3893.0,,,,,,,,,,,,,228811.0,0.0,,,,,,,,,,,,,,1048.0,,,7934.0,,,,,,,,,,,,,,,,,,,,2758.0,,,,,,574387.0,5136.0,574387.0,,336.0,,336.0,,,52538.0,0.2,,,,,,,,,-13946.0,,,,15000.0,21880.0,,18750.0,,,,,,,,,1259.0,,52538.0,,,,,,,0.0001,50000000.0,,,,,,,,,,,,,,,,1620.0,,,,,,-9165311.0,11827.0,,,,,11491.0,,,,,,,,-569251.0,,,,,,,,,,,,,,,,,,,,,,,,50000.0,5.0,,,92457204.0,
2016-03-31,2016-05-13,10-Q,"AS-IP TECH, INC.",IPTK,CIK0001067873,USD,24851.0,47859.0,,302021.0,46243.0,,,8495439.0,,,,,,,,,,,,86467.0,86467.0,475.0,,,40224.0,40224.0,,,,,0.0001,,500000000.0,90944704.0,90944704.0,,91380.0,9246.0,,,,,,80466.0,,,,,,,,,,,,,228811.0,0.0,,,,,,,,,,,,,,45.0,23900.0,,61561.0,,,,,,,,,,,,,,,,,,,,2707.0,,,,,,655038.0,86467.0,655038.0,,,,336.0,,,51496.0,,,,,,15655.0,,,,680.0,,,,15000.0,60881.0,,22500.0,,,,,,,,,1479.0,,,,,,,,,0.0001,50000000.0,,,,,,,,,,,,,,,,1620.0,,15000.0,,,,-9164631.0,142027.0,,,79999.0,,62028.0,,,,,,,,-568571.0,,,,,,,,,,,,,,,,,,,,,23900.0,,,50000.0,5.0,,,92457204.0,
2016-06-30,2016-10-13,10-K,"AS-IP TECH, INC.",IPTK,CIK0001067873,USD,19861.0,,,252761.0,5294.0,,5294.0,9215444.0,60000.0,,,,,,,,,60000.0,,459586.0,69586.0,,,,64292.0,64292.0,,64070.0,,,0.0001,,500000000.0,131939482.0,131939482.0,4965556.0,91380.0,13196.0,,,,,,60820.0,,,,,,,,16431.0,,,,,228811.0,0.0,,,,,,,60000.0,450000.0,,,,,,,,,103618.0,,-275798.0,,,41473.0,12580.0,,,8183.0,16431.0,24091.0,,,,,,,450000.0,390000.0,36237.0,,,,,,568264.0,459586.0,568264.0,,,,1239.0,,,50400.0,,,,,,50125.0,182564.0,,-118494.0,-333773.0,60000.0,,,60000.0,140109.0,,3200.0,9109812.0,2056824.0,,60000.0,,,,,,,,,-57975.0,,,21737.0,,0.0001,50000000.0,,,,,171460.0,,,11104.0,,,,,,,,,,60000.0,,,,-9428693.0,164438.0,,,79999.0,,83200.0,,91095.0,93994.0,,,,,-108678.0,108678.0,,,490000.0,,,,,,,,,,,,,,,,,32000.0,,,50000.0,5.0,,,112198343.0,
2016-09-30,2016-11-14,10-Q,"AS-IP TECH, INC.",IPTK,CIK0001067873,USD,3847.0,,,277133.0,19581.0,,,9262060.0,22500.0,,,,,,,,,22500.0,,418521.0,51021.0,2504.0,,,31440.0,31440.0,,-32852.0,,,0.0001,,500000000.0,134281982.0,134281982.0,,91380.0,13430.0,,,,,,24434.0,,,,,,,,14994.0,,,,,228811.0,0.0,,,,,,,60000.0,,,,,,,299.0,,,37392.0,,-151839.0,,,,-16014.0,,,-14287.0,-1437.0,24372.0,,,,,,,,367500.0,1663.0,3965.0,,,,,637817.0,418521.0,637817.0,,,459.0,,,,49133.0,,,,,6249.0,33000.0,109481.0,,-142333.0,-157467.0,,,,17000.0,189231.0,,,,,,,,,12000.0,,926.0,,,,-5628.0,,,,,0.0001,50000000.0,,,,,46850.0,,63899.0,-1268.0,-1268.0,,,,,,,6000.0,11355.0,,,,,-9586161.0,61826.0,,,29970.0,,31856.0,,,,,,,,-219296.0,,,,,,,,,,,,,,,,,,,,,12000.0,,,50000.0,5.0,,,133110732.0,
2016-12-31,2017-02-14,10-Q,"AS-IP TECH, INC.",IPTK,CIK0001067873,USD,5745.0,,,265968.0,20948.0,,,9425398.0,22500.0,,,,,,,,,22500.0,,367416.0,22416.0,1191.0,,,1468.0,1468.0,,,,,0.0001,,500000000.0,131939482.0,131939482.0,,69300.0,14112.0,,,,,,9541.0,,,,,,,,12859.0,,,,,228811.0,0.0,,,,,,,60000.0,,,,,,,429.0,,,15627.0,,-134418.0,,,,,,,,,,,,,,,,,345000.0,2419.0,4030.0,,,,,585639.0,367416.0,585639.0,,,,,,,67456.0,,,,,,33739.0,,,,-140867.0,,,,13000.0,150045.0,,,,,,,,,12000.0,,1845.0,,47490.0,,-6449.0,,,,,0.0001,50000000.0,,,,,,,,,,,,,,,,8580.0,1843.0,,,,,-9727028.0,25168.0,,,,,25168.0,,,,,,,,-218223.0,,,,,,,,,,,,,,,,,,,,,12000.0,3000.0,,50000.0,5.0,,,133110732.0,
2017-03-31,2017-05-15,10-Q,"AS-IP TECH, INC.",IPTK,CIK0001067873,USD,3741.0,,,273960.0,29619.0,,,9619275.0,22500.0,,,,,,,,,22500.0,,511606.0,189106.0,1380.0,,,159487.0,159487.0,,,,,0.0001,,500000000.0,147998061.0,147998061.0,,69300.0,14801.0,,,,,,4570.0,,,,,,,,11422.0,,,,,228811.0,0.0,,,,,,,127500.0,,,,,,,570.0,,,14581.0,,-229521.0,,,,,,,,,,,,,,,,,322500.0,2393.0,4109.0,,,,,769286.0,511606.0,769286.0,,,,,,,116352.0,,,,,,83202.0,,,,-236023.0,,,,23000.0,244102.0,,,,,,,,4312.0,12000.0,,2491.0,,,,-6502.0,,,26667.0,,0.0001,50000000.0,,,,,,,,,,,,,,,,2700.0,2755.0,,,,,-9961051.0,19151.0,,,,,19151.0,,,,,,,,-257680.0,,,,,,,,,,,,,,,,,,,,,12000.0,,,50000.0,5.0,,,144549728.0,
2017-06-30,2017-12-21,10-K,"AS-IP TECH, INC.",IPTK,CIK0001067873,USD,16092.0,,,273717.0,,,60871.0,10031019.0,,,,,7360.0,,23050.0,118666.0,,90000.0,0.0,420193.0,120193.0,,,90000.0,56569.0,56569.0,,-7723.0,,,0.0001,,500000000.0,158387871.0,158387871.0,1422389.0,26186.0,15840.0,44596.0,,,,,60711.0,60711.0,,,,,7360.0,0.0,8685.0,,,,,228811.0,-0.01,-0.01,,0.0,,-20000.0,,150000.0,,300000.0,,-145818.0,0.0,-20000.0,,,,109937.0,,-677486.0,,0.0,206500.0,3769.0,,-20956.0,-55577.0,7746.0,20956.0,,,,,-2753.0,,,300000.0,13380.0,16282.0,9534.0,,,,646812.0,420193.0,646812.0,,,,,,,119507.0,,,,,,202217.0,581648.0,0.0,-589371.0,-872966.0,,,,75783.0,601957.0,-677486.0,,9699812.0,2263324.0,0.1,,,,,,,,,,-195480.0,-195480.0,,73818.0,,0.0001,50000000.0,0.0,2753.0,,,512541.0,,0.0,69107.0,,,,,,0.0,46896.0,,,,,,,-10299659.0,170648.0,,,75969.0,,94679.0,206315.0,98566.0,116458.0,341500.0,341500.0,0.1,,-226619.0,-226619.0,,,,,,,,,,,,,,116458.0,512541.0,118666.0,,0.0,,46896.0,23050.0,5.0,50000.0,5.0,,141102631.0,141102631.0,
2017-09-30,2018-02-05,10-Q,"AS-IP TECH, INC.",IPTK,CIK0001067873,USD,24145.0,,,302650.0,,,60974.0,10084718.0,,,,,,1148.0,13088.0,,,22500.0,,344402.0,66902.0,,,22500.0,5928.0,5928.0,,-50641.0,,,0.0001,,500000000.0,161387871.0,161387871.0,,26186.0,16141.0,17576.0,,,,,13631.0,13631.0,,,,,,,7248.0,,,,,228811.0,0.0,0.0,,,,,,172500.0,,,,,,,1226.0,,,37168.0,,-157341.0,,,,-8052.0,,-28933.0,-103.0,1437.0,28933.0,,,,,2753.0,,,277500.0,5135.0,4248.0,,,,,683745.0,344402.0,683745.0,,,426.0,,,,120891.0,,,,,1405.0,49525.0,55385.0,,-106026.0,-166724.0,,,,24000.0,194509.0,-157341.0,,,,,,,,,,737.0,,,,-9383.0,-9383.0,,1148.0,,0.0001,50000000.0,,,1385.0,,54000.0,,,0.0,,,,,,0.0,12000.0,15.0,1405.0,,,,,-10466383.0,50799.0,,,21990.0,,28809.0,48000.0,,,,,,,-339343.0,-339343.0,,,,,,,,,,,,,,,54000.0,,,,,12000.0,2458.0,,50000.0,5.0,,161387871.0,159284610.0,
2017-12-31,2018-02-27,10-Q,"AS-IP TECH, INC.",IPTK,CIK0001067873,USD,28859.0,,,319734.0,,,40717.0,10092748.0,,,,,,0.0,,,,22500.0,,661895.0,406895.0,847.0,,22500.0,350786.0,350786.0,,,,,0.0001,,500000000.0,161710371.0,161710371.0,,26186.0,16173.0,,,,,,4818.0,4818.0,,,,,,,5811.0,,,,,228811.0,0.0,0.0,,,,,,195000.0,,,,,,,87.0,,,20426.0,,-175013.0,,,,,,,,,,,,,,,,,255000.0,4537.0,4447.0,,,,,1177173.0,661895.0,1177173.0,,,,,,,121679.0,,,,,,52530.0,,,,-184218.0,,,,24000.0,195439.0,-175013.0,,,,,,,,,,1637.0,,472279.0,,-8984.0,-8984.0,,,,0.0001,50000000.0,,15392.0,,,,,,,,,,,,0.0,12000.0,16475.0,6561.0,,,,,-10650380.0,25244.0,,,,,25244.0,48000.0,23234.0,,,,,,-515278.0,-515499.0,,,,,,,,,,,,,,,8062.0,,,,,12000.0,,,50000.0,5.0,,161329664.0,161329664.0,
2018-03-31,2018-05-30,10-Q,"AS-IP TECH, INC.",IPTK,CIK0001067873,USD,37956.0,,,325246.0,,,46894.0,10092748.0,,,,,,0.0,,,,22500.0,,480911.0,248411.0,1009.0,,22500.0,198250.0,198250.0,,,,,0.0001,,500000000.0,161710371.0,161710371.0,,26186.0,16173.0,,,,,,4578.0,4578.0,,,,,,,4373.0,,,,,228811.0,0.0,0.0,,,,,,217500.0,,,1245.0,,,,783.0,,,16225.0,,-220548.0,,,,,,,,,,,,,,,,,232500.0,36424.0,4568.0,,,,,1257950.0,480911.0,1257950.0,,,,,,,661564.0,,,,,,80979.0,,,,-261540.0,,,,24000.0,236773.0,-220548.0,,,,,,,,,,2627.0,,,,-40992.0,-40992.0,,,,0.0001,50000000.0,,3267.0,,,,,,,,,,,,1245.0,12000.0,5486.0,2911.0,,,,,-10912141.0,20803.0,,,,,20803.0,48000.0,41737.0,,,,,,-777039.0,-777039.0,,,,,,,,,,,,,,,,,,,,12000.0,2232.0,,50000.0,5.0,,161710371.0,161710371.0,
2018-06-30,2019-10-25,10-K,"AS-IP TECH, INC.",IPTK,CIK0001067873,USD,15300.0,,,351019.0,,,0.0,10102337.0,,,,,7360.0,,33844.0,0.0,,,-14733.0,136626.0,40457.0,,,90000.0,40457.0,40457.0,,-16112.0,,,0.0001,,500000000.0,,161960376.0,1422389.0,26186.0,16197.0,22596.0,,,,,,16099.0,,,,,0.0,3500.0,2935.0,,,,,228811.0,,-0.01,,7704.0,,0.0,,240000.0,,96169.0,,0.0,-113832.0,,,,113832.0,51708.0,113832.0,,,0.0,211442.0,792.0,,-77302.0,46138.0,5750.0,,,,,,2753.0,,,,77476.0,17905.0,59185.0,,,,1298438.0,136626.0,1298438.0,,,,,,,696873.0,,,,,,267235.0,642927.0,0.0,-659039.0,-1006868.0,,,,96000.0,,-782922.0,,10706680.0,2474392.0,0.1,,,,,,,,,,,-223946.0,,,,0.0001,50000000.0,0.0,0.0,,607500.0,62062.0,,3500.0,577365.0,,,,,,1245.0,48000.0,,,,,,,-11306527.0,67807.0,,,,,,192000.0,172006.0,9613.0,341500.0,341500.0,0.1,,-1161812.0,-1161812.0,,,,,,,,,,,,0.0,,,62062.0,,,,,,,5.0,50000.0,,,161095652.0,,
2018-09-30,2019-12-16,10-Q,"AS-IP TECH, INC.",IPTK,CIK0001067873,USD,18080.0,,,416383.0,,,3588.0,10102336.0,,,,,,0.0,30971.0,,,,,110880.0,25015.0,,,10304.0,21427.0,21427.0,,-19030.0,,,0.0001,,500000000.0,,161960376.0,,26186.0,16198.0,3148.0,,,,,,2153.0,,,,,,78060.0,3295.0,,,,,228811.0,,0.0,,,,,,250304.0,,85865.0,,,,,66.0,,,10648.0,,,,,,-2780.0,,-65364.0,-3588.0,-360.0,,,,,,0.0,,,,31496.0,4718.0,19121.0,,,,1464038.0,110880.0,1464038.0,,,,,,,719409.0,,,,,0.0,31697.0,97096.0,0.0,-116126.0,-191346.0,,,,24000.0,165780.0,-155132.0,,,,,,,,,,440.0,,,,,-36214.0,0.0,,,0.0001,50000000.0,,,,,74560.0,,0.0,22536.0,,,,,,50.0,12000.0,120.0,,,,,,-11497873.0,12801.0,,,,,,48000.0,60004.0,,,,,,-1353158.0,-1353158.0,,,,,,,,,,,,,,,,,,,,,0.0,5.0,50000.0,,,161960376.0,,
2018-12-31,2019-12-20,10-Q,"AS-IP TECH, INC.",IPTK,CIK0001067873,USD,55784.0,,,449894.0,,,,10267481.0,,,,,,7437.0,,,,,,87073.0,11512.0,,,10304.0,11512.0,11512.0,,,,,0.0001,,500000000.0,,170479543.0,1422389.0,26186.0,17050.0,,,,,,,17583.0,,,,,,8150.0,2696.0,,,,,228811.0,,0.0,,48000.0,,,,260607.0,,75561.0,,,,,95712.0,,,24086.0,,,,,,,,,,,,,,,,,,,,48713.0,4794.0,,,,,1464037.0,87073.0,1464037.0,,,,,,,718702.0,,,24000.0,,,62027.0,,,,-189803.0,,7437.0,,24000.0,157739.0,-133653.0,,,,,,,,,,,,,,,-56150.0,,,,0.0001,50000000.0,,,,,,,,,,,,,,12.0,12000.0,,,,,,,-11687676.0,41669.0,,,,,,62027.0,9948.0,,,,,,-1376964.0,-1376964.0,,,,,,338056.0,8181111.0,,,,,,,7437.0,158560.0,,,,,,,5.0,50000.0,,,164941398.0,,
2019-03-31,2019-12-23,10-Q,"AS-IP TECH, INC.",IPTK,CIK0001067873,USD,29886.0,,,444283.0,,,,10493216.0,,,,,,5400.0,,,,,,67428.0,2171.0,,,10304.0,2171.0,2171.0,,,,,0.0001,,500000000.0,,182112766.0,1422389.0,26186.0,18213.0,,,,,,,4130.0,,,,,,0.0,10630.0,,,,,228811.0,,0.0,,48000.0,,,,270911.0,,65257.0,,,,,134827.0,,,4094.0,,,,,,,,,,,,,,,,,,,,29866.0,4872.0,,,,,1431431.0,67428.0,1431431.0,,,,,,,717821.0,,,24000.0,,,47938.0,,,,-213937.0,,5400.0,,24000.0,182765.0,-178671.0,,,,,,,,,,,,,,,-35266.0,,,,0.0001,50000000.0,0.0,,,,,,,,,,,,,1432.0,12000.0,,,,,,,-11901613.0,8224.0,,,,,,47938.0,29444.0,,,,,,-1364003.0,-1364003.0,,,,,,,,,,,62500.0,62500.0,,5400.0,123748.0,35250.0,,,,,,5.0,,,,174473953.0,,
2019-06-30,2020-01-21,10-K,"AS-IP TECH, INC.",IPTK,CIK0001067873,USD,57604.0,,,562564.0,,,11963.0,10493216.0,,,,,,,3197.0,97750.0,,,0.0,67108.0,12155.0,,,41216.0,192.0,192.0,,-40265.0,,,0.0001,,500000000.0,,182112766.0,1422389.0,26186.0,18213.0,16702.0,,607500.0,,,,30568.0,,,62500.0,,,15000.0,8235.0,6079.0,126433.0,,,228811.0,,0.0,,1189.0,,,,281215.0,,54953.0,,-12837.0,0.0,,0.0,,,51099.0,,,,,158042.0,-42304.0,,-211545.0,-11963.0,-5300.0,,,,,-211545.0,0.0,,,,133102.0,18320.0,52756.0,,,,1588604.0,67108.0,1588604.0,,,,,,,716390.0,,,93900.0,,,177471.0,313325.0,0.0,-353590.0,-752579.0,,,,93900.0,639419.0,-588320.0,,12059106.0,126433.0,0.1,,,,,,,,,,,-164259.0,0.0,,,0.0001,50000000.0,0.0,,,607500.0,282308.0,,,19517.0,,,,,,2523.0,48700.0,,,,,,,-12059106.0,51099.0,,,,,,179637.0,168784.0,12837.0,,341500.0,0.1,,-1521496.0,-1521496.0,,,,2500000.0,,,,1958333.0,,,62500.0,62500.0,,12837.0,282308.0,35250.0,,,,,,5.0,50000.0,,,171760747.0,,
2019-09-30,2020-08-05,10-Q,"AS-IP TECH, INC.",IPTK,CIK0001067873,USD,84784.0,,,648355.0,,,0.0,10493216.0,,,,,,,,0.0,,,,45016.0,366.0,,,10303.0,366.0,366.0,,174.0,,,0.0001,,500000000.0,,182112766.0,1422389.0,26186.0,18213.0,2480.0,,,,,,8461.0,,,0.0,,,96935.0,9813.0,,,,,228811.0,,0.0,,,,,,291519.0,,44650.0,,,,,156396.0,,,15010.0,,,,,,-27180.0,,-85791.0,11963.0,-1578.0,,,,,-85791.0,,,,,32771.0,3999.0,2019.0,,,,1783733.0,45016.0,1783733.0,,,,,,,715035.0,,,24000.0,,,39065.0,80580.0,0.0,-80406.0,-217221.0,,,,,195461.0,-180451.0,,,,,,,,,,,,,,,-36770.0,1355.0,,,0.0001,50000000.0,,,,,0.0,,81935.0,0.0,,,,,,623.0,12000.0,,,,,,,-12276327.0,15010.0,,,,,,39065.0,82990.0,0.0,,,,,-1738717.0,-1738717.0,,,0.0,,,,,,,,,,,,,,,,,,,5.0,50000.0,,,182112766.0,,
2019-12-31,2020-09-01,10-Q,"AS-IP TECH, INC.",IPTK,CIK0001067873,USD,115591.0,,,701105.0,,,0.0,10493216.0,,,,,,,,,,,,56881.0,22536.0,,,,22536.0,22536.0,,,,,0.0001,,500000000.0,,182112766.0,1422389.0,26186.0,18213.0,,,607500.0,,,,5084.0,,,,,,236813.0,5975.0,,,,,228811.0,,0.0,,48000.0,,,,301823.0,,34345.0,,,,,109287.0,,,8744.0,,,,,,,,,,,,,,,,,,,,33699.0,4065.0,,,,,2002905.0,56881.0,2002905.0,,,,,,,714610.0,,,24000.0,,,69000.0,,,,-207307.0,,0.0,,,178287.0,-169543.0,,,,,,,,,,,,,,,-37764.0,,,,0.0001,50000000.0,,,,,,,,,,,,,,,12000.0,,,,,,,-12483634.0,8744.0,,,,,,69000.0,,,,,,,-1946024.0,-1964024.0,,,,,,,,,,,,,,,,,,,,,,5.0,50000.0,,,182112766.0,,
2020-03-31,2020-09-16,10-Q,"AS-IP TECH, INC.",IPTK,CIK0001067873,USD,149682.0,,,770223.0,,,0.0,10493216.0,,,,,,,,,,,,38984.0,14943.0,,,,14943.0,14943.0,,,,,0.0001,,500000000.0,,182112766.0,1422389.0,26186.0,18213.0,,,607500.0,,,,1079.0,,,,,,316432.0,5731.0,,,,,228811.0,,0.0,,48000.0,,,,312127.0,,24041.0,,,,,110984.0,,,2759.0,,,,,,,,,,,,,,,,,,,,32421.0,4131.0,,,,,2183785.0,38984.0,2183785.0,,,,,,,712906.0,,,24000.0,,,54000.0,,,,-198777.0,,0.0,,,164984.0,-162225.0,,,,,,,,,,,,,,,-36552.0,,,,0.0001,50000000.0,,,,,,,,,,,,,,,16000.0,,,,,,,-12682411.0,2759.0,,,,,,54000.0,,,,,,,-2144801.0,-2144801.0,,,,,,,,,,,,,,,,,,,,,,5.0,50000.0,,,182112766.0,,
2020-06-30,2021-05-06,10-K,"AS-IP TECH, INC.",IPTK,CIK0001067873,USD,179267.0,,,826716.0,,,0.0,10493216.0,,,,,,,0.0,0.0,0.0,,,22695.0,8958.0,,,41216.0,8958.0,8958.0,,8766.0,,,0.0001,,500000000.0,,182112766.0,,26186.0,18213.0,13618.0,,607500.0,0.0,0.0,,,,,0.0,,0.0,361646.0,1892.0,21696.0,254984.0,,,228811.0,,0.0,0.0,0.0,,,,322431.0,,13737.0,,0.0,,0.0,1056.0,,,,,,,,,121663.0,,,-11963.0,-6343.0,,,,0.0,264152.0,,,,,131154.0,16394.0,5564.0,5564.0,,,2309375.0,22695.0,2309375.0,0.0,,,,,0.0,711043.0,,,82600.0,,,216065.0,341299.0,0.0,-332533.0,-765184.0,,,0.0,,653841.0,-617636.0,,11530547.0,128551.0,,,,,,,,,,,,-147548.0,5347.0,,,0.0001,50000000.0,0.0,,,,0.0,,0.0,0.0,,346646.0,,,0.0,1085.0,48000.0,,,,,,5347.0,-12824290.0,36205.0,,,,,,161210.0,171591.0,0.0,,341500.0,0.1,,-2286680.0,-2286682.0,,,,,,,,,,,,,,,,,,,,,,5.0,50000.0,,,182112766.0,,
2020-09-30,2021-07-02,10-Q,"AS-IP TECH, INC.",IPTK,CIK0001067873,USD,213392.0,,,934381.0,,,0.0,10933720.0,,,,,,,,6716.0,133765.0,,,69634.0,66201.0,,,10304.0,66201.0,66201.0,,57243.0,,1422389.0,0.0001,,500000000.0,,218931125.0,,26186.0,21893.0,,,,,,,,,,12300.0,,12300.0,142511.0,0.0,,,,,228811.0,,0.0,,,,,,332735.0,,3433.0,,,,,120331.0,,,,,,,,,34125.0,,,0.0,-1892.0,,,,0.0,138460.0,,,,,37596.0,4266.0,0.0,5564.0,,,2222291.0,69634.0,2222291.0,,,,,,,703196.0,,,8000.0,,,164000.0,167391.0,0.0,-110148.0,-310161.0,,,,,284331.0,-268299.0,,,,,,,,,,,,,,,-41862.0,0.0,,,0.0001,50000000.0,0.0,,,,21300.0,,21300.0,3471.0,,142620.0,,,3471.0,,12000.0,,,,,,,-13134451.0,16032.0,,,,,,164000.0,,12300.0,,,,,-2152657.0,-2152657.0,,,11319.0,,,,,,,,30761.0,,,6716.0,383089.0,11319.0,12300.0,,,,,5.0,50000.0,,,214950640.0,,
2020-12-31,2021-07-26,10-Q,"AS-IP TECH, INC.",IPTK,CIK0001067873,USD,246767.0,,,579717.0,,,,10940560.0,,,,,,,,,,,,11231.0,11231.0,,,,11231.0,11231.0,,,,1422389.0,0.0001,,500000000.0,,219622125.0,,26186.0,21962.0,,,,,,,,,,,,,188688.0,0.0,,,,,228811.0,,0.0,,,,,,332735.0,,0.0,,,,,93526.0,,,,,,,,,,,,,,,,,,,,,,,37455.0,4335.0,,,,,2325509.0,11231.0,1243983.0,1081526.0,,,,,706526.0,0.0,,,9750.0,,,54000.0,,,,-168530.0,,0.0,375000.0,,147526.0,-126740.0,,,,,,,,,,,,,,,-41790.0,,,,0.0001,50000000.0,0.0,,,,,,,,,,,,,,12000.0,,,,,,,-13302981.0,20786.0,,,,,,54000.0,,,,,,,-2314278.0,-2314278.0,,,,,,,,,,,,,,,6909.0,,,,,,,5.0,50000.0,,,219449375.0,,
2021-03-31,2021-08-05,10-Q,"AS-IP TECH, INC.",IPTK,CIK0001067873,USD,283076.0,,,623498.0,,,,11186109.0,,,,,,,,,,,,163620.0,163620.0,,,,163620.0,163621.0,,,,1422389.0,0.0001,,500000000.0,,240893414.0,,0.0,24089.0,,,,,,,,,,,,,11000.0,0.0,,,,,228811.0,,0.0,,,,,,332735.0,,0.0,,,,,72691.0,,,,,,,,,,,,,,,,,,,,,,,44679.0,2781.0,,,,,2435779.0,163620.0,1146385.0,1289394.0,,,,,914394.0,0.0,,,11253.0,,,87000.0,,,,-179372.0,,,375000.0,,159691.0,-131912.0,,,,,,,,,,,,,,,-47460.0,,,,0.0001,50000000.0,0.0,,,,,,,,,,,,,,12000.0,,,,,,,-13482352.0,27779.0,,,,,,87000.0,,,,,,,-2272159.0,-2272159.0,,,,,,,,,,,20000.0,,,,201489.0,,,,,,,5.0,50000.0,,,233697748.0,,
2021-06-30,2021-10-06,10-K,"AS-IP TECH, INC.",IPTK,CIK0001067873,USD,4859.0,,,536075.0,,,,12852362.0,,1137395.0,,,,,,6716.0,133765.0,,,157601.0,157601.0,,,13737.0,157601.0,157601.0,,148643.0,,,0.0001,,500000000.0,,255149894.0,,0.0,25515.0,2707.0,,1624587.0,521472.0,99484.0,,,,,,,12300.0,0.0,0.0,1892.0,606604.0,,,228811.0,,-0.01,110000.0,1974.0,,,,336168.0,,0.0,,,,-304520.0,0.0,,,,,,,,,405.0,,,0.0,-1892.0,,,,85523.0,154617.0,,,,,220710.0,51708.0,,0.0,,,1474847.0,157601.0,853891.0,620956.0,,,,,,84146.0,,,48752.0,,,331000.0,565696.0,0.0,-417053.0,-1370828.0,,,,,733962.0,-660125.0,,12647002.0,,,,,,,,,,,,,-710703.0,,,,0.0001,50000000.0,0.0,0.0,,,,,240696.0,,,0.0,,,325000.0,0.0,62993.0,,,,,,0.0,-14195118.0,73837.0,,,,,,106863.0,214688.0,134084.0,,341500.0,0.1,,-1317246.0,-1317246.0,,,,,,,,,1000000.0,,51565.0,,,116716.0,602452.0,419834.0,12300.0,,,,,5.0,50000.0,,,227804417.0,,
2021-09-30,2021-11-12,10-Q,"AS-IP TECH, INC.",IPTK,CIK0001067873,USD,4499.0,,,532696.0,,,,12852362.0,,,-1003630.0,,,,,0.0,0.0,,,262834.0,262834.0,,,0.0,262834.0,262834.0,,105233.0,,,0.0001,,500000000.0,,255149894.0,,,25515.0,,,1729546.0,1298296.0,431250.0,,,,,,,0.0,290057.0,,,,,,228811.0,,0.0,,,,,,,,,,,,,146932.0,,,,,,,,,-360.0,,,,0.0,,,,65398.0,15372.0,,,,,65398.0,21622.0,,0.0,,,2873944.0,262834.0,1144398.0,1729546.0,,,,,,88335.0,,,24000.0,,,56282.0,315057.0,0.0,-209824.0,-290327.0,,,,,203214.0,-203214.0,,,,,,,,,,,,,,,-87020.0,,,,0.0001,50000000.0,0.0,,,,,,0.0,,,290057.0,,,25000.0,,24000.0,,,,,,,-15488982.0,0.0,,,,,,56282.0,,,,,,,-2611110.0,-2611203.0,,,,,,,,,,,,,,,,,,,,,,5.0,50000.0,,,255149894.0,,
2021-12-31,2022-02-11,10-Q,"AS-IP TECH, INC.",IPTK,CIK0001067873,USD,4762.0,,,516058.0,,,,13923519.0,,,,,,,,,0.0,,,476426.0,476426.0,,,,350570.0,350570.0,,,,,0.0001,,500000000.0,,264278157.0,,,26429.0,,,1739973.0,1289973.0,450000.0,,,,,,,,192640.0,,,,,,228811.0,,0.0,,,,,,,,,,,,,380650.0,,,,,,,,,,,,,,,,,,,,,,,193109.0,21669.0,,,,,2755389.0,476426.0,1015416.0,1739973.0,,,,,,73145.0,,,24000.0,,,93331.0,,,,-739831.0,,30375.0,,,494678.0,-494678.0,,,,,,,,,,,,,,,-245153.0,,,,0.0001,50000000.0,0.0,125856.0,,,,,,,,,,,,,30000.0,,,,,,,-16228906.0,0.0,,,,,,114028.0,,,,,,,-2278963.0,-2278963.0,,,,,,225000.0,,2478537.0,1428000.0,,,,,30376.0,484673.0,336102.0,199920.0,,,,,5.0,50000.0,,,261548271.0,,
