end,filed,form,Name,Ticker,CIK,Currency,AccountsPayableAndAccruedLiabilitiesCurrent,AccountsPayableCurrent,AccountsPayableRelatedPartiesCurrent,AccountsReceivableNetCurrent,AccruedLiabilitiesCurrent,AccumulatedDepreciationDepletionAndAmortizationPropertyPlantAndEquipment,AdditionalPaidInCapitalCommonStock,AdjustmentForAmortization,AdjustmentsToAdditionalPaidInCapitalOther,AdjustmentsToAdditionalPaidInCapitalSharebasedCompensationRequisiteServicePeriodRecognitionValue,AdjustmentsToAdditionalPaidInCapitalStockIssuedIssuanceCosts,AntidilutiveSecuritiesExcludedFromComputationOfEarningsPerShareAmount,AssetImpairmentCharges,Assets,AssetsCurrent,AssetsFairValueDisclosure,AssetsNoncurrent,BillingsInExcessOfCostCurrent,BusinessAcquisitionsProFormaNetIncomeLoss,BusinessAcquisitionsProFormaRevenue,BusinessCombinationRecognizedIdentifiableAssetsAcquiredAndLiabilitiesAssumedCashAndEquivalents,BusinessCombinationRecognizedIdentifiableAssetsAcquiredAndLiabilitiesAssumedIndefiniteLivedIntangibleAssets,Cash,CashAcquiredFromAcquisition,CashAndCashEquivalentsAtCarryingValue,CashAndCashEquivalentsPeriodIncreaseDecrease,CashCashEquivalentsRestrictedCashAndRestrictedCashEquivalentsPeriodIncreaseDecreaseExcludingExchangeRateEffect,CommonStockParOrStatedValuePerShare,CommonStockSharesAuthorized,CommonStockSharesIssued,CommonStockSharesOutstanding,CommonStockValue,CostMethodInvestments,CostMethodInvestmentsRealizedGains,CostOfServices,DebtConversionConvertedInstrumentAmount1,DebtConversionConvertedInstrumentSharesIssued1,DebtInstrumentFaceAmount,DeferredFederalIncomeTaxExpenseBenefit,DeferredIncomeTaxExpenseBenefit,DeferredIncomeTaxLiabilities,DeferredIncomeTaxLiabilitiesNet,DeferredStateAndLocalIncomeTaxExpenseBenefit,DeferredTaxAssetsInvestments,DeferredTaxAssetsNet,DeferredTaxAssetsOperatingLossCarryforwards,DeferredTaxAssetsTaxCreditCarryforwardsResearch,DeferredTaxAssetsTaxDeferredExpenseCompensationAndBenefitsShareBasedCompensationCost,DeferredTaxAssetsValuationAllowance,DeferredTaxLiabilities,DeferredTaxLiabilitiesGoodwillAndIntangibleAssetsIntangibleAssets,DeferredTaxLiabilitiesNoncurrent,DeferredTaxLiabilitiesPropertyPlantAndEquipment,Depreciation,DepreciationDepletionAndAmortization,DevelopmentStageEnterpriseDeficitAccumulatedDuringDevelopmentStage,DividendsPayableCurrent,DividendsPayableCurrentAndNoncurrent,EarningsPerShareBasic,EarningsPerShareBasicAndDiluted,EarningsPerShareDiluted,EffectiveIncomeTaxRateContinuingOperations,EffectiveIncomeTaxRateReconciliationAtFederalStatutoryIncomeTaxRate,EffectiveIncomeTaxRateReconciliationChangeInDeferredTaxAssetsValuationAllowance,EffectiveIncomeTaxRateReconciliationChangeInEnactedTaxRate,EffectiveIncomeTaxRateReconciliationNondeductibleExpenseLifeInsurance,EffectiveIncomeTaxRateReconciliationNondeductibleExpenseMealsAndEntertainment,EffectiveIncomeTaxRateReconciliationNondeductibleExpenseOther,EffectiveIncomeTaxRateReconciliationNondeductibleExpenseResearchAndDevelopment,EffectiveIncomeTaxRateReconciliationNondeductibleExpenseShareBasedCompensationCost,EffectiveIncomeTaxRateReconciliationOtherAdjustments,EffectiveIncomeTaxRateReconciliationPriorYearIncomeTaxes,EffectiveIncomeTaxRateReconciliationStateAndLocalIncomeTaxes,EmployeeServiceShareBasedCompensationNonvestedAwardsTotalCompensationCostNotYetRecognizedStockOptions,EquityMethodInvestments,ExchangeFees,FiniteLivedIntangibleAssetsAccumulatedAmortization,FiniteLivedIntangibleAssetsAmortizationExpenseAfterYearFive,FiniteLivedIntangibleAssetsAmortizationExpenseNextTwelveMonths,FiniteLivedIntangibleAssetsAmortizationExpenseYearFive,FiniteLivedIntangibleAssetsAmortizationExpenseYearFour,FiniteLivedIntangibleAssetsAmortizationExpenseYearThree,FiniteLivedIntangibleAssetsAmortizationExpenseYearTwo,FiniteLivedIntangibleAssetsNet,GainLossOnSaleOfInvestments,GainsLossesOnExtinguishmentOfDebt,GeneralAndAdministrativeExpense,GrantsReceivable,GrantsReceivableCurrent,GrossProfit,IncomeLossFromContinuingOperationsBeforeIncomeTaxesExtraordinaryItemsNoncontrollingInterest,IncomeTaxExpenseBenefit,IncomeTaxesPaid,IncreaseDecreaseInAccountsPayableAndAccruedLiabilities,IncreaseDecreaseInAccountsReceivable,IncreaseDecreaseInBillingInExcessOfCostOfEarnings,IncreaseDecreaseInDeferredIncomeTaxes,IncreaseDecreaseInPrepaidExpense,InterestExpense,InterestPaid,InvestmentIncomeInterest,Investments,LaborAndRelatedExpense,LeaseAndRentalExpense,LegalFees,Liabilities,LiabilitiesAndStockholdersEquity,LiabilitiesCurrent,LongTermDebtNoncurrent,LongTermNotesPayable,MinorityInterest,NetCashProvidedByUsedInFinancingActivities,NetCashProvidedByUsedInInvestingActivities,NetCashProvidedByUsedInOperatingActivities,NetIncomeLoss,NetIncomeLossAttributableToNoncontrollingInterest,NetIncomeLossAvailableToCommonStockholdersBasic,NoninterestExpenseTransferAgentAndCustodianFees,NonoperatingIncomeExpense,NotesPayableCurrent,OperatingExpenses,OperatingIncomeLoss,OperatingLossCarryforwards,OtherExpenses,OtherNonoperatingExpense,PaidInKindInterest,PaymentsForProceedsFromOtherInvestingActivities,PaymentsToAcquireEquityMethodInvestments,PaymentsToAcquireProductiveAssets,PaymentsToAcquirePropertyPlantAndEquipment,PaymentsToAcquireTradingSecuritiesHeldforinvestment,PreferredStockDividendsIncomeStatementImpact,PreferredStockParOrStatedValuePerShare,PreferredStockSharesAuthorized,PreferredStockSharesIssued,PreferredStockSharesOutstanding,PreferredStockValue,PrepaidExpense,PrepaidExpenseCurrent,PrepaidRent,ProceedsFromIssuanceOfCommonStock,ProceedsFromIssuanceOfPreferredStockAndPreferenceStock,ProceedsFromIssuanceOfWarrants,ProceedsFromNotesPayable,ProceedsFromOtherShortTermDebt,ProceedsFromRelatedPartyDebt,ProceedsFromSaleAndMaturityOfMarketableSecurities,ProceedsFromSaleOfOtherInvestments,ProceedsFromSaleOfTradingSecuritiesHeldforinvestment,ProceedsFromStockOptionsExercised,ProfessionalFees,ProfitLoss,PropertyPlantAndEquipmentGross,PropertyPlantAndEquipmentNet,ResearchAndDevelopmentExpense,RetainedEarningsAccumulatedDeficit,Revenues,SalesRevenueNet,ShareBasedCompensation,ShareBasedCompensationArrangementByShareBasedPaymentAwardFairValueAssumptionsExpectedDividendRate,ShareBasedCompensationArrangementByShareBasedPaymentAwardFairValueAssumptionsExpectedVolatilityRate,ShareBasedCompensationArrangementByShareBasedPaymentAwardFairValueAssumptionsRiskFreeInterestRateMaximum,ShareBasedCompensationArrangementByShareBasedPaymentAwardFairValueAssumptionsRiskFreeInterestRateMinimum,ShareBasedCompensationArrangementByShareBasedPaymentAwardNonOptionEquityInstrumentsExercised,ShareBasedCompensationArrangementByShareBasedPaymentAwardNonOptionEquityInstrumentsExpirations,ShareBasedCompensationArrangementByShareBasedPaymentAwardNonOptionEquityInstrumentsOutstandingNumber,ShareBasedCompensationArrangementByShareBasedPaymentAwardNumberOfSharesAuthorized,ShareBasedCompensationArrangementByShareBasedPaymentAwardOptionsExercisableNumber,ShareBasedCompensationArrangementByShareBasedPaymentAwardOptionsExercisableWeightedAverageExercisePrice,ShareBasedCompensationArrangementByShareBasedPaymentAwardOptionsForfeituresInPeriod,ShareBasedCompensationArrangementByShareBasedPaymentAwardOptionsGrantsInPeriod,ShareBasedCompensationArrangementByShareBasedPaymentAwardOptionsGrantsInPeriodGross,ShareBasedCompensationArrangementByShareBasedPaymentAwardOptionsOutstandingIntrinsicValue,ShareBasedCompensationArrangementByShareBasedPaymentAwardOptionsOutstandingNumber,ShareBasedCompensationArrangementByShareBasedPaymentAwardOptionsOutstandingWeightedAverageExercisePrice,ShareBasedCompensationArrangementsByShareBasedPaymentAwardOptionsExercisesInPeriodWeightedAverageExercisePrice,ShareBasedCompensationArrangementsByShareBasedPaymentAwardOptionsForfeituresInPeriodWeightedAverageExercisePrice,ShareBasedCompensationArrangementsByShareBasedPaymentAwardOptionsGrantsInPeriodWeightedAverageExercisePrice,SharebasedCompensationArrangementBySharebasedPaymentAwardOptionsExercisableIntrinsicValue1,SharebasedCompensationArrangementBySharebasedPaymentAwardOptionsVestedNumberOfShares,ShortTermInvestments,StockholdersEquity,StockholdersEquityIncludingPortionAttributableToNoncontrollingInterest,StockIssued1,StockIssuedDuringPeriodSharesIssuedForCash,StockIssuedDuringPeriodSharesIssuedForNoncashConsideration,StockIssuedDuringPeriodSharesStockOptionsExercised,StockIssuedDuringPeriodValueAcquisitions,StockIssuedDuringPeriodValueConversionOfConvertibleSecurities,StockIssuedDuringPeriodValueIssuedForCash,StockIssuedDuringPeriodValueIssuedForNoncashConsiderations,StockIssuedDuringPeriodValueIssuedForServices,StockIssuedDuringPeriodValueNewIssues,StockIssuedDuringPeriodValueOther,StockIssuedDuringPeriodValueShareBasedCompensation,StockIssuedDuringPeriodValueStockOptionsExercised,StockOptionPlanExpense,TaxCreditCarryforwardAmount,TemporaryEquityCarryingAmountAttributableToParent,TradingSecurities,TradingSecuritiesRealizedGainLoss,TradingSecuritiesRealizedLoss,TradingSecuritiesUnrealizedHoldingGainLoss,UnrealizedGainLossOnInvestments,ValuationAllowanceDeferredTaxAssetChangeInAmount,WeightedAverageNumberOfDilutedSharesOutstanding,WeightedAverageNumberOfShareOutstandingBasicAndDiluted,WeightedAverageNumberOfSharesOutstandingBasic,CashAvailableForDistributions,CashCashEquivalentsRestrictedCashAndRestrictedCashEquivalents,DeferredIncomeTaxesAndTaxCredits,ForeignIncomeTaxExpenseBenefitContinuingOperations,GainLossOnInvestments,IncomeTaxReconciliationChangeInDeferredTaxAssetsValuationAllowance,IncomeTaxReconciliationDispositionOfBusiness,OtherCashEquivalentsAtCarryingValue,OtherComprehensiveIncomeLossNetOfTax,PropertyPlantAndEquipmentOther,ResearchAndDevelopmentArrangementWithFederalGovernmentCostsIncurredNet
2010-09-30,2010-11-15,10-Q,"Evolutionary Genomics, Inc.",FNAM,CIK0000884363,USD,,,,,,,,,,,,,,,,,,,,,,,5649.0,,,,,,,,,,,,,,,,,,,,,,,,,,,,,,,,,,,,,0.0,,,,,,,,,,,,,,,,,,,,,,,,,,,,,,,,,,,,,,,,,,,,,0.0,,,,,,,,,,-8554.0,,,,,,8554.0,-8554.0,,0.0,,,,,,,,,,,,,,,,,,,,,,,,,,,7500.0,,,,,,,0.0,,,,,,,,,,,,,,,,,,,,,,,,,,,,,,,,,,,,,,,,,,,,,,,,,,,,,,,,,,,,,
2010-12-31,2011-03-30,10-K,"Evolutionary Genomics, Inc.",FNAM,CIK0000884363,USD,,7554.0,21665.0,,2304.0,,1214066.0,,,,,,,365.0,365.0,,,,,,,,15.0,,15.0,-18585.0,,0.001,780000000.0,7894111.0,7894111.0,7894.0,,,,,,,,,,,,,,,,,,,,,,,,52178.0,,,,,,,,,,,,,,,,,,,,,,,,,,,,,,,,,,,,,,-2221.0,,,,,,,,,,,10501.0,31523.0,365.0,31523.0,,,,7163.0,,-25748.0,-23527.0,,,,,,23527.0,-23527.0,,36.0,,,,,,,,,0.001,20000000.0,0.0,0.0,0.0,350.0,,,,,,,,7163.0,,,,,9200.0,,,,,-1200940.0,,,,,,,,,,,,,,,,,,,,,,,,,,-31158.0,,,,,,,,,,,,,,,,,,,,,,,,,,,,,,,,,,,,,
2011-03-31,2011-05-13,10-Q,"Evolutionary Genomics, Inc.",FNAM,CIK0000884363,USD,,,,,,,,,,,,,,,,,,,,,,,56.0,,,41.0,,,,,,,,,,,,,,,,,,,,,,,,,,,,,,,,,,,,,,,,,,,,,,,,,,,,,,,,,,,,,,,,,,,,-2893.0,,,,88.0,,,,,,,552.0,,,,,,,10090.0,,-10049.0,-7244.0,,,,,,7244.0,7244.0,,24.0,,,,,,,,,,,,,,,,,,,,,,10090.0,,,,,5000.0,,,,,,,,,,,,,,,,,,,,,,,,,,,,,,,,,,,,,,,,,,,,,,,,,,,,,,,,,,,,,,,,,,,,
2011-06-30,2011-08-15,10-Q,"Evolutionary Genomics, Inc.",FNAM,CIK0000884363,USD,,1450.0,39072.0,,0.0,,1214066.0,,,,,,,201.0,201.0,,,,,,,,26.0,,26.0,,,0.001,780000000.0,7894111.0,7894111.0,7894.0,,,,,,,,,,,,,,,,,,,,,,,,61340.0,,,,0.0,,,,,,,,,,,,,,,,,,,,,,,,,,,,,,,,,,,,,,,,,,,,,146.0,40522.0,201.0,40522.0,,,,,,,-1919.0,,,387.0,,,1919.0,-1919.0,,36.0,,,,,,,,,0.001,20000000.0,0.0,0.0,0.0,175.0,,,,,,,,,,,,,1200.0,,,,,-1200940.0,,0.0,,,,,,,,,,,,,,,,,,,,,,,,-40320.0,,,,,,,,,,,,,,,,,,,,,,,,,7894111.0,,,,,,,,,,,,
2011-09-30,2011-11-18,10-Q,"Evolutionary Genomics, Inc.",FNAM,CIK0000884363,USD,,868.0,45662.0,,0.0,,1214066.0,,,,,,,90.0,90.0,,,,,,,,2.0,,2.0,,,0.001,780000000.0,7894111.0,7894111.0,7894.0,,,,,,,,,,,,,,,,,,,,,,,,67460.0,,,,0.0,,,,,,,,,,,,,,,,,,,,,,,,,,,,,,,,,,,,,,,,,,,,,0.0,46530.0,90.0,46530.0,,,,,,,-6120.0,,,388.0,,,6120.0,-6120.0,,24.0,,,,,,,,,0.001,20000000.0,0.0,0.0,0.0,88.0,,,,,,,,,,,,,1968.0,,,,,-1200940.0,,0.0,,,,,,,,,,,,,,,,,,,,,,,,-46440.0,,,,,,,,,,,,,,,,,,,,,,,,,7894111.0,,,,,,,,,,,,
2011-12-31,2012-03-30,10-K,"Evolutionary Genomics, Inc.",FNAM,CIK0000884363,USD,,450.0,48412.0,,,,1214066.0,,,,,,,364.0,364.0,,,,,,,,14.0,,14.0,-1.0,,0.001,780000000.0,7894111.0,7894111.0,7894.0,,,,,,,,,,,,,,569518.0,,,-105361.0,,,,,,,69518.0,,,,,,,,,,,,,,,,,,,,,,,,,,,,,,,,,,,,,,-9408.0,,,,,,,,,,,1090.0,48862.0,364.0,48862.0,,,,26747.0,,-26748.0,-17340.0,,,1650.0,,,17340.0,-17340.0,,180.0,,,,,,,,,0.001,20000000.0,0.0,0.0,,350.0,350.0,,,,,,,26747.0,,,,,9350.0,,,,,-1200940.0,,,,,,,,,,,,,,,,,,,,,,,,,,-48498.0,,,,,,,,,,,,,,,,,,,,,,,-3208.0,,7894111.0,,,,,,,,,,,,
2012-03-31,2012-05-15,10-Q,"Evolutionary Genomics, Inc.",FNAM,CIK0000884363,USD,,5808.0,49261.0,,1140.0,,1214066.0,,,,,,,293.0,293.0,,,,,,,,30.0,,30.0,16.0,,0.001,780000000.0,7894111.0,7894111.0,7894.0,,,,,,,,,,,,,,,,,,,,,,,,76936.0,,,,,,,,,,,,,,,,,,,,,,,,,,,,,,,,,,,,,,6498.0,,,,-87.0,,,,,,,507.0,56209.0,293.0,56209.0,,,,849.0,,-833.0,-7418.0,,,488.0,,,7418.0,-7418.0,,93.0,,,,,,,,,0.001,20000000.0,,,,,,,,,,,,849.0,,,,,5000.0,,,,,-1200940.0,,,,,,,,,,,,,,,,,,,,,,,,,,-55916.0,,,,,,,,,,,,,,,,,,,,,,,,,7894111.0,,,,,,,,,,,,
2012-06-30,2012-08-14,10-Q,"Evolutionary Genomics, Inc.",FNAM,CIK0000884363,USD,,1300.0,56582.0,,,,1214954.0,,,,,,,189.0,189.0,,,,,,,,,,14.0,,,0.001,780000000.0,7894111.0,7894111.0,7894.0,,,,,,,,,,,,,,,,,,,,,,,,79601.0,,,,,,,,,,,,,,,,,,,,,,,,,,,,,,,,,,,,,,,,,,,888.0,,,,,,,57882.0,189.0,57882.0,,,,,,,-2665.0,,,390.0,-888.0,,1777.0,-1777.0,,37.0,888.0,,,,,,,,0.001,20000000.0,0.0,0.0,,,175.0,,,,,,,,,,,,1200.0,,,,,-1200940.0,,,,,,,,,,,,,,,,,,,,,,,,,,-57693.0,,,,,,,,,,,,,,,,,,,,,,,,,7894111.0,,,,,,,,,,,,
2012-09-30,2012-11-13,10-Q,"Evolutionary Genomics, Inc.",FNAM,CIK0000884363,USD,,375.0,59642.0,,,,1215944.0,,,,,,,159.0,159.0,,,,,,,,,,71.0,,,0.001,780000000.0,7894111.0,7894111.0,7894.0,,,,,,,,,,,,,,,,,,,,,,,,82756.0,,,,,,,,,,,,,,,,,,,,,,,,,,,,,,,,,,,,,,,,,,,990.0,,,,,,,60017.0,159.0,60017.0,,,,,,,-3156.0,,,388.0,-990.0,,2166.0,-2166.0,,24.0,990.0,990.0,,,,,,,0.001,20000000.0,0.0,0.0,,,88.0,,,,,,,,,,,,1475.0,,,,,-1200940.0,,,,,,,,,,,,,,,,,,,,,,,,,,-59858.0,,,,,,,,,,,,,,,,,,,,,,,,,7894111.0,,,,,,,,,,,,
2012-12-31,2013-04-15,10-K,"Evolutionary Genomics, Inc.",FNAM,CIK0000884363,USD,,450.0,62817.0,,,,1216980.0,,,,,,,651.0,651.0,,,,,,,,,,114.0,100.0,,0.001,780000000.0,7894111.0,7894111.0,7894.0,,,,,,,,,,,,,,586550.0,,,-108512.0,,,,,,,86550.0,,,,,,0.0,-0.15,0.185,,,,,,,,,-0.035,,,,,,,,,,,,,,,,,,,,,,,,,187.0,2914.0,,,,,,912.0,63267.0,651.0,63267.0,,,,14405.0,,-14305.0,-17032.0,,,1565.0,-2914.0,,14118.0,-14118.0,,213.0,2914.0,2914.0,,,,,,,0.001,20000000.0,0.0,0.0,,,537.0,,,,,,,14405.0,,,,,8875.0,,,,,-1200940.0,,,,,,,,,,,,,,,,,,,,,,,,,,-62616.0,,,,,,,,,,,,,,,,,,,,,,,-3151.0,,7894111.0,,,,,,,,,,,,
2013-03-31,2013-05-20,10-Q,"Evolutionary Genomics, Inc.",FNAM,CIK0000884363,USD,,100.0,65292.0,,,,1218038.0,,,,,,,389.0,389.0,,,,,,,,,,89.0,-25.0,,0.001,780000000.0,7894111.0,7894111.0,7894.0,,,,,,,,,,,,,,,,,,,,,,,,89995.0,,,,,,,,,,,,,,,,,,,,,,,,,,,,,,,,,,,,,,-350.0,,,,-237.0,1058.0,,,,,,787.0,65392.0,389.0,65392.0,,,,2475.0,,-2500.0,-3445.0,,,594.0,-1058.0,,2387.0,-2387.0,,24.0,1058.0,1058.0,,,,,,,0.001,20000000.0,0.0,0.0,,,300.0,,,,,,,2475.0,,,,,,,,,,-1200940.0,,,,,,,,,,,,,,,,,,,,,,,,,,-65003.0,,,,,,,,,,,,,,,,,,,,,,,,,7894111.0,,,,,,,,,,,,
2013-06-30,2013-08-19,10-Q,"Evolutionary Genomics, Inc.",FNAM,CIK0000884363,USD,,2800.0,70842.0,,,,1219159.0,,,,,,,948.0,948.0,,,,,,,,,,748.0,,,0.001,780000000.0,7894111.0,7894111.0,7894.0,,,,,,,,,,,,,,,,,,,,,,,,98807.0,,,,,,,,,,,,,,,,,,,,,,,,,,,,,,,,,,,,,,,,,,,1121.0,,,,,,317.0,73642.0,948.0,73642.0,,,,,,,-8812.0,,,350.0,-1121.0,,7691.0,-7691.0,,24.0,1121.0,,,,,,,,0.001,20000000.0,0.0,0.0,,,200.0,,,,,,,,,,,,5200.0,,,,,-1200940.0,,,,,,,,,,,,,,,,,,,,,,,,,,-72694.0,,,,,,,,,,,,,,,,,,,,,,,,,7894111.0,,,,,,,,,,,,
2013-09-30,2013-11-13,10-Q,"Evolutionary Genomics, Inc.",FNAM,CIK0000884363,USD,,672.0,74912.0,,,,1220403.0,,,,,,,616.0,616.0,,,,,,,,,,516.0,,,0.001,780000000.0,7894111.0,7894111.0,7894.0,,,,,,,,,,,,,,,,,,,,,,,,102325.0,,,,,,,,,,,,,,,,,,,,,,,,,,,,,,,,,,,,,,,,,,,1245.0,,,,,,,75584.0,616.0,75584.0,,,,,,,-3519.0,,,402.0,-1245.0,,2274.0,-2274.0,,,1245.0,,,,,,,,0.001,20000000.0,0.0,0.0,,,100.0,,,,,,,,,,,,1200.0,,,,,-1200940.0,,,,,,,,,,,,,,,,,,,,,,,,,,-74968.0,,,,,,,,,,,,,,,,,,,,,,,,,7894111.0,,,,,,,,,,,,
2013-12-31,2014-04-16,10-K,"Evolutionary Genomics, Inc.",FNAM,CIK0000884363,USD,,1650.0,76512.0,,,,1221685.0,,4705.0,,,,,991.0,991.0,,,,,,,,,,573681.0,527.0,,0.001,780000000.0,7894111.0,7894111.0,7894.0,,,,,,,,,,,,,,605810.0,,,-112075.0,,,,,,,105810.0,,,,,,0.0,-0.15,0.185,,,,,,,,,-0.035,,,,,,,,,,,,,,,,,,,,,1200.0,,,,-187.0,4705.0,,,,,,1105.0,78162.0,991.0,78162.0,,,,13695.0,,-13168.0,-19260.0,,,1745.0,-4705.0,,14555.0,-14555.0,,48.0,4705.0,4705.0,,,,,,,0.001,20000000.0,0.0,0.0,,,350.0,,,,,,,13695.0,,,,,7600.0,,,,,-1306750.0,,,,,,,,,,141305.0,,,,,,,,340000.0,0.55,,,,,,,-77171.0,-634685.0,,,,,,,,,,,,,,,,,,,,,,-3563.0,,7894111.0,,,,,,,,,,,,
2014-03-31,2014-05-12,10-Q,"Evolutionary Genomics, Inc.",FNAM,CIK0000884363,USD,,,79062.0,,,,1222975.0,,,,,,,771.0,771.0,,,,,,,,,,471.0,-170.0,,0.001,780000000.0,7894111.0,7894111.0,7894.0,,,,,,,,,,,,,,,,,,,,,,,,108220.0,,,,,,,,,,,,,,,,,,,,,,,,,,,,,,,750.0,,,,,,,-1650.0,,,,-50.0,1290.0,,,,,,,79062.0,771.0,79062.0,,,,2550.0,,-2720.0,-2410.0,,,365.0,-1290.0,,1120.0,-1120.0,,5.0,1290.0,1290.0,,,,,,,0.001,20000000.0,0.0,0.0,,,300.0,,,,,,,2550.0,,,,,,,,,,-1200940.0,,,,,,,,,,,,,,,,,,,,,,,,,,-78291.0,,,,,,,,,,,,,,,,,,,,,,,,,7894111.0,,,,,,,,,,,,
2014-06-30,2014-08-19,10-Q,"Evolutionary Genomics, Inc.",FNAM,CIK0000884363,USD,,100.0,88002.0,,,,1312323.0,,,,,,,831.0,831.0,,,,,,,,,,631.0,,,0.001,780000000.0,7894111.0,7894111.0,7894.0,,,,,,,,,,,,,,,,,,,,,,,,,,,,,,,,,,,,,,,,,,,,,,,,,,,,,,,,,,,,,,,,,,,1346.0,,,,,,1614.0,100.0,831.0,100.0,,,,,,,-10326.0,,,550.0,-1346.0,,8980.0,-8980.0,,5.0,1346.0,,,,,,,,0.001,20000000.0,0.0,0.0,,,200.0,,,,,,,,,,,,5200.0,,,,,-1319486.0,,,,,,,,,,,,,,,,,,,,,,,,,,731.0,,,,,,,,,,,,,,,,,,,,,,,,,7894111.0,,,,,,,,,,,,
2014-09-30,2014-11-14,10-Q,"Evolutionary Genomics, Inc.",FNAM,CIK0000884363,USD,,,8571.0,,,,1312323.0,,,,,,,120.0,120.0,,,,,,,,,,20.0,,,0.001,780000000.0,7894111.0,7894111.0,7894.0,,,,,,,,,,,,,,,,,,,,,,,,,,,,,,,,,,,,,,,,,,,,,,,,,,,,,,,,,,,,,,,,,,,,,,,,,500.0,8571.0,120.0,8571.0,,,,,,,-9182.0,,,402.0,,,9182.0,-9182.0,,10.0,,,,,,,,,0.001,20000000.0,0.0,0.0,,,100.0,,,,,,,,,,,,4689.0,,,,,-1328668.0,,,,,,,,,,,,,,,,,,,,,,,,,,-8451.0,,,,,,,,,,,,,,,,,,,,,,,,,7894111.0,,,,,,,,,,,,
2014-12-31,2015-03-05,10-K,"Evolutionary Genomics, Inc.",FNAM,CIK0000884363,USD,59500.0,,13672.0,40631.0,,236136.0,9340428.0,,-255000.0,,,,,1358345.0,785949.0,269694.0,572396.0,116965.0,1748227.0,1644.0,,,,,459583.0,-114098.0,,0.001,780000000.0,4662654.0,4662654.0,3853.0,201924.0,,540133.0,,,,,,9000.0,,,126000.0,9000.0,1357000.0,,,1474000.0,,,,9000.0,8186.0,10788.0,,,,,-0.31,,0.0,-0.35,-0.347,,,-0.0002,-0.0301,,-0.0062,,,0.0335,,174131.0,,20038.0,,,,,,,32007.0,,,470569.0,,,-192102.0,,,,11516.0,-83833.0,116965.0,,10541.0,2636.0,,775.0,,212021.0,24750.0,2228.0,13672.0,1358345.0,176465.0,,,-1297.0,2040640.0,-1467678.0,-687060.0,-1398967.0,-1297.0,,2576.0,-409847.0,,798315.0,-990417.0,3565000.0,41.0,2636.0,2636.0,201924.0,249280.0,,163641.0,597833.0,,0.001,10000000.0,0.0,0.0,,,16041.0,13750.0,1971003.0,,3637.0,,,25162.0,,,,66000.0,12210.0,-1400264.0,400470.0,164334.0,115725.0,-9502272.0,348031.0,,90021.0,,,,,3306.0,10884.0,127115.0,,120000.0,0.55,,,,,220000.0,0.55,0.55,,,,100000.0,,-157991.0,-159288.0,,,,120000.0,,,,,22000.0,1971003.0,,68021.0,66000.0,22571.0,,1341168.0,269694.0,,,-328139.0,,486000.0,,4529537.0,,,,,,,,,,,,
2015-03-31,2015-05-14,10-Q,"Evolutionary Genomics, Inc.",FNAM,CIK0000884363,USD,,,31203.0,,,,1312323.0,,,,,,,10000.0,10000.0,,,,,,,,,,549242.0,-193924.0,,0.001,780000000.0,7894111.0,7894111.0,7894.0,,,,,,,,,,,,,,,,,,,,,,6377.0,7028.0,,,,0.02,,0.02,,,,,,,,,,,,,,,,,,,,,,,,,,75888.0,,,,,,,-39924.0,-40631.0,,,-3423.0,,,35.0,,35643.0,6875.0,,31203.0,10000.0,31203.0,,,,17531.0,,-193924.0,-7531.0,,99639.0,300.0,310399.0,,210760.0,-210760.0,,,,,,,,,,,0.001,20000000.0,0.0,0.0,,,10000.0,,,,,,,17531.0,,,,,5800.0,99639.0,,,99229.0,-1341420.0,,,5643.0,,,,,,,,,,,,,0.0,,,,,,,,0.0,,-21203.0,,,,,,,,,,,,,,,5643.0,,,,,,322375.0,,,6068565.0,7894111.0,4662654.0,,,,,,,,,,,
2015-06-30,2015-08-04,10-Q,"Evolutionary Genomics, Inc.",FNAM,CIK0000884363,USD,,,36135.0,,,,1312323.0,,,,,,,7500.0,7500.0,,,,,,,,,,340223.0,,,0.001,780000000.0,7894111.0,7894111.0,7894.0,,,,,,,,,,,,,,,,,,,,,,6377.0,,,,,,-0.14,,,,,,,,,,,,,,,,2500.0,,,,,,,,,,,56188.0,,,,,,,,,,,,,,13.0,,33286.0,6875.0,,36135.0,7500.0,36135.0,,,,,,,-7432.0,,-632545.0,150.0,-413200.0,,219345.0,-219345.0,,,,,,,,,,,0.001,20000000.0,0.0,0.0,,,7500.0,,,,,,,,,,,,3810.0,-632545.0,,,129871.0,-1348852.0,,,,,,,,,,,,,,,,,,,,,,,,,,-28635.0,,,,,,,,,,,,,,,3286.0,,,,,,-405721.0,,,,4662654.0,,,,,,,,,,,,
2015-09-30,2015-10-06,10-Q,"Evolutionary Genomics, Inc.",FNAM,CIK0000884363,USD,,,45947.0,,,,1312323.0,,,,,,,5000.0,5000.0,,,,,,,,,,98762.0,,,0.001,780000000.0,7894111.0,7894111.0,7894.0,,,,,,,,,,,,,,,,,,,,,,6377.0,,,,,,-0.04,,,,,,,,,,,,,,,,2500.0,,,,,,,,,,,136882.0,,,,,,,,,,,,,,9.0,,30000.0,6875.0,,45947.0,5000.0,45947.0,,,,,,,-12312.0,,-205433.0,1075.0,43065.0,,314548.0,-248498.0,,,,,,,,,,,0.001,20000000.0,0.0,0.0,,,5000.0,,,,,,,,,,,,2935.0,-205433.0,,,147666.0,-1361164.0,66050.0,,,,,,,,,,,,,,,,,,,,,,,,,-40947.0,,,,,,,,,,,,,,,0.0,,,,,,43056.0,,,,4662654.0,,,,,,,,,,,,
2015-12-31,2016-02-19,10-K,"Evolutionary Genomics, Inc.",FNAM,CIK0000884363,USD,139850.0,,,16148.0,,261644.0,12699467.0,,,,,,,3170830.0,299763.0,257698.0,2871067.0,113902.0,928414.0,110997.0,82000.0,2530000.0,,82025.0,3823.0,-455760.0,,0.001,780000000.0,5881898.0,5881898.0,5882.0,171924.0,4500.0,146576.0,,,,,,6000.0,,,116000.0,6000.0,1447000.0,,,1557000.0,,,,6000.0,25508.0,28111.0,,,,,-0.06,,0.0,0.35,0.2907,,,0.0003,0.0805,,0.012,,,0.0335,,,,22641.0,,,,,,,2560317.0,-14786.0,,294117.0,,,116348.0,,,,80350.0,-24483.0,-3063.0,,6053.0,,,57.0,,128929.0,27500.0,,253752.0,3170830.0,253752.0,,,,,134284.0,-590044.0,-285999.0,,-285999.0,,436859.0,,985782.0,-722858.0,3772000.0,,,,,,,,,,0.001,20000000.0,0.0,0.0,,,22094.0,,,,,,,,,34500.0,17759.0,,,-285999.0,400470.0,138826.0,562736.0,-9788271.0,262924.0,,8929.0,,,,,,13636.0,113479.0,1400000.0,186667.0,0.55,33333.0,,,364001.0,186667.0,0.55,0.55,,,364001.0,100000.0,,2917078.0,2917078.0,2011000.0,,,,2010938.0,1341168.0,,,,,1330.0,8929.0,,8929.0,200000.0,,257698.0,-19286.0,19286.0,25049.0,,83000.0,,4906503.0,,,,,,,,,,,,
2016-03-31,2016-05-11,10-Q,"Evolutionary Genomics, Inc.",FNAM,CIK0000884363,USD,26063.0,,,18963.0,,268021.0,12671027.0,,,,,,,5631628.0,2815415.0,2431605.0,2816213.0,64880.0,,,,,,,327180.0,323357.0,,0.001,780000000.0,5881898.0,5881898.0,5882.0,124097.0,,32087.0,,,,,,,,,,,,,,,,,,,6377.0,7028.0,,,,-0.05,-0.05,-0.05,,,,,,,,,,,,,224868.0,,,23291.0,,,,,,,2559667.0,8972.0,,77146.0,,,35897.0,,,,-113787.0,2815.0,-49022.0,,15573.0,,,1200.0,,40590.0,6875.0,,,5631628.0,90943.0,,,,2904033.0,-2198961.0,-381715.0,,,-304500.0,,-71680.0,,287320.0,-219336.0,,,,,,,,,2272145.0,13484.0,0.001,20000000.0,,,13484.0,,37667.0,,,2904033.0,,,,,18184.0,55000.0,,,,-291016.0,400470.0,132449.0,169584.0,-10079287.0,67984.0,,10590.0,0.0,0.26,0.0139,0.0131,,,113479.0,1400000.0,186667.0,0.55,,,380000.0,690668.0,466667.0,2.02,,,3.0,550668.0,0.0,,2611106.0,,,,,,,,,,,,,,,10590.0,,2929579.0,2431605.0,,,-81852.0,,,5881898.0,5881898.0,5881898.0,,,,,,,,,,,
2016-06-30,2016-08-12,10-Q,"Evolutionary Genomics, Inc.",FNAM,CIK0000884363,USD,15217.0,,,49294.0,,277754.0,12639811.0,,,,,,,5327650.0,2418625.0,2063199.0,2909025.0,63920.0,,,,,,,287334.0,,,0.001,780000000.0,5881898.0,5881898.0,5882.0,124097.0,,,,,,,,,,,,,,,,,,,,,9733.0,,,,,,-0.06,,,,,,,,,,,,,,297125.0,,,23292.0,,,,,,,2559016.0,-273.0,,79717.0,,,,,,,,,,,,,,3312.0,,84876.0,6875.0,,,5327650.0,79137.0,,,,,,,,,-378140.0,,-65752.0,,304051.0,-253796.0,,,,,,,,,,58592.0,0.001,20000000.0,,,72076.0,,18798.0,,,,,,,,,,,,,-319548.0,503666.0,225912.0,139458.0,-10398835.0,50255.0,,,,,,,,,113479.0,1400000.0,186667.0,0.55,,,,690668.0,566667.0,2.11,,,3.5,550668.0,,,2318934.0,,,,,,,,,,,,,,,27376.0,,2929579.0,2063199.0,,,-68791.0,,,,5881898.0,,,,,,,,,,,,
2016-09-30,2016-11-04,10-Q,"Evolutionary Genomics, Inc.",FNAM,CIK0000884363,USD,10571.0,,,31830.0,,287846.0,12612060.0,,,,,,,5183884.0,2285602.0,1324962.0,2898282.0,63920.0,,,,,,,919296.0,,,0.001,780000000.0,5881898.0,5881898.0,5882.0,124097.0,,,,,,,,,,,,,,,,,,,,,10092.0,,,,,,-0.06,,,,,,,,,,,,,,265188.0,,,24592.0,,,,,,,2558366.0,-1524.0,,70770.0,,,,,,,,,,,,,,3231.0,,69437.0,7134.0,,74491.0,5183884.0,,,,,,,,,,-330745.0,,-36449.0,,266438.0,-234608.0,,,,,,,,,,59688.0,0.001,20000000.0,,,131764.0,,9514.0,,,,,,,,,,,,,-271057.0,503665.0,215819.0,126231.0,-10669892.0,31830.0,,,,,,,,,113479.0,1400000.0,186667.0,0.55,,,,690668.0,566667.0,2.11,,,,550668.0,,,2079814.0,,,,,,,,,,,,,,,31937.0,,3029579.0,1324962.0,,,-38156.0,,,,5881898.0,,,,,,,,,,,,
2016-12-31,2017-02-10,10-K,"Evolutionary Genomics, Inc.",FNAM,CIK0000884363,USD,46064.0,,,9289.0,,297939.0,12579212.0,,,,25546.0,,,6402674.0,2153550.0,64299.0,4249124.0,,,,82000.0,4016000.0,,,2057548.0,2053725.0,,0.001,780000000.0,5881898.0,5881898.0,5882.0,,69222.0,,,,,,,1492000.0,,,180000.0,6000.0,1993000.0,,16000.0,2183000.0,,1486000.0,1485683.0,6000.0,36295.0,38897.0,,,,,-0.23,,0.0,0.35,-0.3531,0.0,0.0,0.0002,0.01,0.0,0.0202,0.0,,0.0335,233251.0,,,25243.0,,,,,,,4043398.0,59856.0,,290809.0,,,,-1152024.0,,,-93786.0,-6859.0,-113902.0,,320.0,,,7436.0,,264340.0,28017.0,,1531747.0,6402674.0,46064.0,,,,3004033.0,156135.0,-1106443.0,-1152024.0,,-1348573.0,,-98557.0,,1275049.0,-1053467.0,5195000.0,,,,,,,103195.0,,196549.0,0.001,20000000.0,0.0,0.0,196549.0,,22414.0,,,3004033.0,,,,,,241146.0,18184.0,,,,503665.0,205726.0,719900.0,-10940295.0,221582.0,,101840.0,0.0,0.26,0.0151,0.0131,,,113479.0,1400000.0,216667.0,0.89,,,380000.0,690668.0,566667.0,2.33,,,3.21,550668.0,30000.0,,1841348.0,1841348.0,,,,,,,,,,,,101840.0,,101840.0,,3029579.0,64299.0,-9366.0,,-165849.0,,626000.0,,5881898.0,,,,,,,,,,,,
2017-03-31,2017-05-11,10-Q,"Evolutionary Genomics, Inc.",FNAM,CIK0000884363,USD,235009.0,,,26680.0,,308001.0,12546265.0,,,,,,,6090595.0,1852183.0,1557075.0,4238412.0,,,,,,,,243764.0,-1813784.0,,0.001,780000000.0,5881898.0,5881898.0,5882.0,,,,,,,,,,,,,,,,,,,,1485683.0,,10063.0,10712.0,,,,,-0.09,,,,,,,,,,,,,,194350.0,,,25893.0,,,,,,,4042748.0,,,94129.0,,,,,,,188945.0,17391.0,,,2250.0,,,644.0,,85144.0,7134.0,,1720692.0,6090595.0,235009.0,,,,,-1499933.0,-313851.0,,,-589261.0,,-6513.0,,548836.0,-522156.0,,,,,,,,,1499933.0,60592.0,0.001,20000000.0,0.0,0.0,257141.0,,24664.0,,,,,,,,,,,,,-528669.0,503665.0,195664.0,369563.0,-11468964.0,26680.0,,27645.0,,,,,,2595.0,110884.0,1400000.0,300000.0,1.51,,,,334134.0,566667.0,2.33,,,,334134.0,83333.0,,1340324.0,,,,,,,,,,,,,,,27644.0,,3029579.0,1557075.0,,,-7157.0,-7157.0,,,5881898.0,,,,,,,,,,,,
2017-06-30,2017-08-03,10-Q,"Evolutionary Genomics, Inc.",FNAM,CIK0000884363,USD,11841.0,,,,,318064.0,12510637.0,,,,,,,5624873.0,1397175.0,1288998.0,4227698.0,,,,,,,,91738.0,,,0.001,780000000.0,5881898.0,5881898.0,5882.0,,,,,,,,,,,,,,,,,,,,1485683.0,,,,,,,,-0.06,,,,,,,,,,,,,,169706.0,,,26544.0,,,,,,,4042097.0,,,55947.0,,,,,,,,,,,,,,2626.0,,62467.0,,,1497524.0,5624873.0,11841.0,,,,,,,,,-328108.0,,-17295.0,,256232.0,-250222.0,,,,,,,,,,60591.0,0.001,20000000.0,0.0,0.0,317732.0,,16439.0,,,,,,,,,,,,,-267517.0,503665.0,185601.0,137818.0,-11736481.0,6010.0,,,,,,,,,110884.0,1400000.0,333334.0,1.71,,,,85867.0,566667.0,2.33,,,,85867.0,,,1097770.0,,,,,,,,,,,,,,,,,3029579.0,1288998.0,,,-19921.0,-19921.0,,,5881898.0,,,,,,,,,,,,
2017-09-30,2017-11-13,10-Q,"Evolutionary Genomics, Inc.",FNAM,CIK0000884363,USD,24324.0,,,,,328126.0,12474690.0,,,,,,,5402260.0,1185274.0,545817.0,4216986.0,,,,,,,,631058.0,,,0.001,780000000.0,5881898.0,5881898.0,5882.0,,,,,,,,,,,,,,,,,,,,1485683.0,,,,,,,,-0.05,,,,,,,,,,,,,,145062.0,,,27194.0,,,,,,,4041447.0,,,60253.0,,,,,,,,,,,,,,8738.0,,62144.0,,,1510007.0,5402260.0,24324.0,,,,,,,,,-313793.0,,15159.0,,268360.0,-268360.0,,,,,,,,,,60592.0,0.001,20000000.0,,,378324.0,,8399.0,,,,,,,,,,,,,-253201.0,503665.0,175539.0,145963.0,-11996222.0,,,,,,,,,,110884.0,1400000.0,333334.0,1.71,,,,84000.0,566667.0,2.33,,,,84000.0,,,862674.0,,,,,,,,,,,,,,,,,3029579.0,545817.0,,,6421.0,6421.0,,,5881898.0,,,,,,,,,,,,
2017-12-31,2018-03-05,10-K,"Evolutionary Genomics, Inc.",FNAM,CIK0000884363,USD,10640.0,,,,,338189.0,12438742.0,,,101896.0,,,,5399292.0,1193020.0,290712.0,4206272.0,,,,,,,,880243.0,-1177305.0,,0.001,780000000.0,5881898.0,5881898.0,5882.0,,,,,,,-542160.0,-530237.0,956807.0,955445.0,11923.0,59817.0,1362.0,1573321.0,253518.0,19118.0,1904412.0,,955446.0,955446.0,1361.0,40250.0,42852.0,,,438915.0,,-0.13,,0.4959,0.35,0.5976,0.1349,0.0004,0.0,0.0,0.237,0.0214,0.024,,0.0301,115855.0,,,27845.0,,,,,,,4040796.0,,,271358.0,,,,-1069854.0,-530237.0,,-35424.0,-9289.0,,-530237.0,-349.0,,,6360.0,290712.0,272899.0,28535.0,,966086.0,5399292.0,10640.0,,,,,,-1177305.0,-539617.0,,-781983.0,,232773.0,,1335317.0,-1302627.0,6380000.0,,,,,,,,,242366.0,0.001,20000000.0,0.0,0.0,438915.0,,22065.0,,,,,,,,,,,,,,503665.0,165476.0,791060.0,-11479912.0,32690.0,,101896.0,,,,,,2595.0,110884.0,1400000.0,333334.0,1.71,,,,84000.0,566667.0,2.33,,,,84000.0,116666.0,290712.0,1403627.0,1403627.0,,,,,,,,,,,,101896.0,,101896.0,,3029579.0,290712.0,,,226413.0,226413.0,-277000.0,,5881898.0,,,,,,,,,,,,
2018-03-31,2018-05-15,10-Q,"Evolutionary Genomics, Inc.",FNAM,CIK0000884363,USD,10304.0,,,,,347808.0,12402794.0,,,24644.0,,,,5133529.0,937526.0,242855.0,4196003.0,,,,,,,,666844.0,-213399.0,,0.001,780000000.0,5881898.0,5881898.0,5882.0,,,,,,,,,,,,,,,,,,,,955446.0,,9619.0,10269.0,,499507.0,,,-0.06,,,,,,,,,,,,,,95773.0,,,28495.0,,,,,,,4040146.0,,,81421.0,,,,,,,-336.0,,,,5762.0,,,224.0,,62144.0,7134.0,,965750.0,5133529.0,10304.0,,,,,,-213399.0,-290071.0,,-350663.0,,-47633.0,,242438.0,-242438.0,,,,,,,,,,60592.0,0.001,20000000.0,,,499507.0,,27827.0,,,,,,,,,,,,,-290071.0,503665.0,155857.0,98873.0,-11769983.0,,,24644.0,,,,,,,110884.0,1400000.0,,1.99,,,0.0,,566667.0,2.33,,,,,83333.0,242855.0,1138200.0,,,,,,,,,,,,,,,24644.0,,3029579.0,,,,,-47857.0,,,5881898.0,,,,,,,,,,,,
2018-06-30,2018-07-27,10-Q,"Evolutionary Genomics, Inc.",FNAM,CIK0000884363,USD,2581.0,,,,,357426.0,12366847.0,,,24644.0,,,,4792409.0,606675.0,157142.0,4185734.0,,,,,,,,430931.0,,,0.001,780000000.0,5881898.0,5881898.0,5882.0,,,,,,,,,,,,,,,,,,,,955446.0,,,,,560099.0,,,-0.07,,,,,,,,,,,,,,71128.0,,,29146.0,,,,,,,4039495.0,,,56470.0,250000.0,,,,,,,,,,,,,246.0,,62144.0,,,958027.0,4792409.0,2581.0,,,,,,,-358041.0,,-418633.0,,-85467.0,,272574.0,-272574.0,,,,,,,,,,60592.0,0.001,20000000.0,,,560099.0,,18602.0,,,,,,,,,,,,,-358041.0,503665.0,146239.0,153960.0,-12128025.0,,,,,,,,,,110884.0,1400000.0,450000.0,2.1,,,,,566667.0,2.33,,,,,,157142.0,804803.0,,,,,,,,,,,,,,,,,3029579.0,,,,,-85713.0,,,5881898.0,,,,,,,,,,,,
2018-09-30,2018-11-14,10-Q,"Evolutionary Genomics, Inc.",FNAM,CIK0000884363,USD,1385.0,,,51375.0,,367045.0,12330899.0,,,24642.0,,,,4550560.0,375096.0,36285.0,4175464.0,,,,,,,,278474.0,,,0.001,780000000.0,5881898.0,5881898.0,5882.0,,,,,,,,,,,,,,,,,,,,955446.0,,,,,620690.0,,,-0.06,,,,,,,,,,,,,,46485.0,,,29797.0,,,,,,,4038844.0,,,44173.0,250000.0,,,,,,,,,,,,,193.0,,62144.0,,,956831.0,4550560.0,1385.0,,,,,,,-265299.0,,-325890.0,,-120664.0,,221010.0,-144635.0,,,,,,,,,,60591.0,0.001,20000000.0,,,620690.0,,8962.0,,,,,,,,,,,,,-265299.0,503665.0,136620.0,114693.0,-12393321.0,76375.0,,,,,,,,,110884.0,1400000.0,450000.0,2.1,,,,,566667.0,2.33,,,,,,36285.0,564146.0,,,,,,,,,,,,,,,,,3029579.0,,,,,-120857.0,,,5881898.0,,,,,,,,,,,,
2018-12-31,2019-04-01,10-K,"Evolutionary Genomics, Inc.",FNAM,CIK0000884363,USD,,,,40439.0,,376664.0,12294952.0,,,123219.0,,,,4388612.0,223417.0,28200.0,4165195.0,,,,,,,,131406.0,-748837.0,,0.001,780000000.0,5881898.0,5881898.0,5882.0,,,,,,,,,971903.0,955446.0,,124558.0,16457.0,1753715.0,294087.0,19118.0,2175021.0,,955446.0,955446.0,16457.0,38475.0,41077.0,,,681282.0,,-0.23,,0.0,0.21,0.1812,0.0,0.0,0.0002,0.0,0.0,0.0188,0.0464,0.0,0.0366,17279.0,,,30447.0,,,,,,,4038194.0,,,229044.0,,250000.0,,-1098617.0,,,-10640.0,40439.0,,,1307.0,,,694.0,28200.0,248577.0,26157.0,,955446.0,4388612.0,,,,,,,-748837.0,-1283823.0,,-1340984.0,,-261818.0,,951613.0,-836799.0,7140000.0,,,,,,,,,242367.0,0.001,20000000.0,,,681282.0,,23372.0,,,,,,,,,,,,,,503665.0,127001.0,473992.0,-12578529.0,114814.0,,98577.0,,,,,,,110884.0,1400000.0,450000.0,2.1,,,,,566667.0,2.33,,,,,116666.0,28200.0,403587.0,,,,,,,,,,,,,,,98577.0,,3029579.0,,,,,-262512.0,271000.0,,5881898.0,,,,,,,,,,,,
2019-03-31,2019-05-15,10-Q,"Evolutionary Genomics, Inc.",FNAM,CIK0000884363,USD,56374.0,,,32366.0,,386193.0,12251639.0,,,17278.0,,,,4261867.0,106852.0,40143.0,4155015.0,,,,,,,,7327.0,-124079.0,,0.001,780000000.0,5881898.0,5881898.0,5882.0,,,,,,,,,,,,,,,,,,,,955446.0,,9529.0,10180.0,,741873.0,,,-0.04,,,,,,,,,,,,,,4562.0,,,31098.0,,,,,,,4037543.0,,,58254.0,,250000.0,,-200397.0,,,56374.0,-8073.0,,,3644.0,,,11.0,40143.0,54779.0,7134.0,,1011820.0,4261867.0,56374.0,,,,,,-124079.0,-208797.0,,-260988.0,,11954.0,,244717.0,-212351.0,,,,,,,,,,60591.0,0.001,20000000.0,,,741873.0,,27016.0,,,,,,,,,,,,,-200397.0,503665.0,117472.0,131684.0,-12778926.0,32366.0,,17278.0,,,,,,,110884.0,1400000.0,533334.0,2.26,,,,,566667.0,2.33,,,,,83334.0,40143.0,212068.0,,,,,,,,,,,,,,,17278.0,,3029579.0,,,,,11943.0,,,5881898.0,,,,,,,,,,,,
2019-06-30,2019-08-12,10-Q,"Evolutionary Genomics, Inc.",FNAM,CIK0000884363,USD,20936.0,,,50753.0,,395724.0,12190198.0,,,4563.0,,,,4589262.0,444428.0,29700.0,4144834.0,,,,,,,,344978.0,,,0.001,780000000.0,5881898.0,5881898.0,5882.0,,,,,,,,,,,,,,,,,,,,955446.0,,9531.0,,,807877.0,,,-0.04,,,,,,,,,,,,,,0.0,,,31748.0,,,,,,,4036893.0,,,66360.0,,250000.0,,-181745.0,,,,,,,,,,25.0,29700.0,42062.0,,,976382.0,4589262.0,20936.0,,,,,,,-189363.0,,-247749.0,,-10418.0,,222080.0,-171327.0,,,,,,,,,,66004.0,0.001,20000000.0,,,807877.0,,18997.0,,,,,,,,,,,,,-181745.0,503665.0,107941.0,113658.0,-12960671.0,50753.0,,,,,,,,,110884.0,1400000.0,566667.0,2.33,,,,280001.0,566667.0,2.33,,,,280001.0,,29700.0,27268.0,,,,,,,,,,,,,,,,,3569594.0,,,,,-10443.0,,,5881898.0,,,,,,,,,,,,
2019-09-30,2019-10-17,10-Q,"Evolutionary Genomics, Inc.",FNAM,CIK0000884363,USD,19523.0,,,32722.0,,405253.0,12118806.0,651.0,,,,,,4431528.0,296874.0,35844.0,4134654.0,,,,,,,,218164.0,,,0.001,780000000.0,5881898.0,5881898.0,5882.0,,,,,,,,,,,,,,,,,,,,955446.0,,9529.0,,,879269.0,,,-0.04,,,,,,,,,,,,,,0.0,,,32399.0,,,,,,,4036242.0,,,41962.0,,19345.0,,-156321.0,,,,,,,,,,46.0,35844.0,37500.0,,,974969.0,4431528.0,19523.0,,,,,,,-162873.0,,-227713.0,,6190.0,,195233.0,-162511.0,,,,,,,,,,71392.0,0.001,20000000.0,,,879269.0,,10144.0,,,,,,,,,,,,,-156321.0,503665.0,98412.0,115771.0,-13116992.0,32722.0,,,,,,,,,110884.0,1400000.0,566667.0,2.33,,,,177334.0,566667.0,2.33,,,,177334.0,,35844.0,-135605.0,,,,,,,,,,,,,,,,,3569594.0,,,,,6144.0,,5881898.0,5881898.0,5881898.0,,,,,,,,,,,
2019-12-31,2020-03-30,10-K,"Evolutionary Genomics, Inc.",FNAM,CIK0000884363,USD,19415.0,,,6845.0,,414783.0,12081401.0,2602.0,,33987.0,,,,4242637.0,118163.0,41694.0,4124474.0,,,,,,,,45441.0,-85965.0,,0.001,780000000.0,5881898.0,5881898.0,5882.0,,,,,,,27096.0,31907.0,998213.0,987353.0,4811.0,121212.0,10860.0,1933118.0,329186.0,,2372656.0,987353.0,987353.0,987353.0,10860.0,38119.0,40721.0,,,,,-0.18,,-0.0419,0.21,0.2596,,0.0004,0.0001,,0.0461,0.0181,0.0155,0.0409,0.0366,625168.0,,,33049.0,,,,,,,4035592.0,,,219070.0,,,,-761233.0,31907.0,,19415.0,-33594.0,,,811.0,,,98.0,41694.0,205828.0,28535.0,,1006768.0,4242637.0,19415.0,,,,540015.0,,-625980.0,-1025247.0,,-1062519.0,,13592.0,,897511.0,-774825.0,7839000.0,,,,,,,,,269379.0,0.001,20000000.0,,,950661.0,,24183.0,,,540015.0,,,,,,,,,,,503665.0,88882.0,472613.0,-13371669.0,122686.0,,55828.0,,,,,,,110884.0,1400000.0,508333.0,1.96,125000.0,,640000.0,,1081667.0,1.74,,3.0,1.54,177334.0,183333.0,41694.0,-333725.0,,,,,,,,,,,,,,,55828.0,329000.0,3569594.0,,,,,13494.0,198000.0,,5881898.0,,,45441.0,,,,,,,,,
2020-03-31,2020-05-12,10-Q,"Evolutionary Genomics, Inc.",FNAM,CIK0000884363,USD,133575.0,,,,,424312.0,12064940.0,,,54930.0,,,0.0,4169911.0,55617.0,29694.0,4114294.0,,,,,,,,10653.0,-34788.0,-34788.0,0.001,780000000.0,5881898.0,5881898.0,5882.0,,,,,,,,,,,,,,,,,,,,987353.0,,9529.0,10180.0,,1022052.0,,,-0.05,,,,,,,,,,,,,,570238.0,,,33700.0,,,,,,,4034941.0,,,56665.0,,,,-241816.0,0.0,,114160.0,-6845.0,,,-8913.0,,,1.0,29694.0,92430.0,7134.0,,1120928.0,4169911.0,133575.0,,,,0.0,0.0,-34788.0,-241816.0,,-313207.0,,-11999.0,,242317.0,-229817.0,,,,,,,,,,71391.0,0.001,20000000.0,,,1022052.0,,15270.0,,,,,0.0,,,,,,,,-241816.0,503665.0,79353.0,93222.0,-13613485.0,12500.0,,54930.0,,,,,,28.0,110856.0,1400000.0,508333.0,1.96,,0.0,,,1081667.0,1.74,,,,177334.0,0.0,29694.0,-520611.0,,,,,,,,,,,,,,,54930.0,,3569594.0,,,,,-12000.0,,,5881898.0,,,,,,,,,,,,
2020-06-30,2020-08-19,10-Q,"Evolutionary Genomics, Inc.",FNAM,CIK0000884363,USD,149584.0,,,,,433843.0,12048477.0,,,54929.0,,,,4170319.0,66206.0,45493.0,4104113.0,,,,,,,,2451.0,,,0.001,780000000.0,5881898.0,5881898.0,5882.0,,,,,,,,,,987353.0,,,,,,,,,,,,9531.0,,,1093444.0,,,-0.06,,,,,,,,,,,,,,515308.0,,,34350.0,,,,,,,4034291.0,,,49842.0,,,,-294798.0,,,,,,,,,,,45493.0,93229.0,,,1361205.0,4170319.0,180928.0,,192924.0,,,,,-294798.0,,-366190.0,,15799.0,31344.0,310597.0,-310597.0,,,,,,,,,,71392.0,0.001,20000000.0,,,1093444.0,,18262.0,,,,,,,,,,,,,-294798.0,503665.0,69822.0,167526.0,-13908283.0,,,54929.0,,,,,,,110856.0,1400000.0,508333.0,1.96,,,,,1081667.0,1.74,,,,140000.0,,45493.0,-760480.0,,,,,,,,,,,,,,,,,3569594.0,,,,,15799.0,,,5881898.0,,,,,,,,,,,,
2020-09-30,2020-11-13,10-Q,"Evolutionary Genomics, Inc.",FNAM,CIK0000884363,USD,32026.0,,,,,443373.0,12032015.0,36900.0,,54930.0,,186667.0,,4456223.0,398540.0,68357.0,4057683.0,,,,,,,,320636.0,,,0.001,780000000.0,5881898.0,5881898.0,5882.0,,,,,,,,,,,,,,,,,,,,,,9530.0,,,1164836.0,,,0.08,,,,,,,,,,,,,,460379.0,,,71250.0,2409246.0,317629.0,317629.0,317629.0,317629.0,317629.0,3997391.0,,,118947.0,,,,-451468.0,-987353.0,,,,,,,,,177.0,68357.0,217430.0,,,1056294.0,4456223.0,75312.0,,980982.0,,,,,535885.0,,464493.0,,23041.0,43286.0,474509.0,-474509.0,,,,,,,,,,71392.0,0.001,20000000.0,,,1164836.0,,9547.0,,,,,,,,,,,,,535885.0,503665.0,60292.0,138132.0,-13372398.0,,,54930.0,,,,,,,110856.0,1400000.0,508333.0,1.96,,,,,1081667.0,1.74,,,,84000.0,,68357.0,-169665.0,,,,,,,,,,,,,,,,,3569594.0,,,,,22864.0,,6068565.0,6068565.0,5881898.0,,,,,,,,,,,
2020-12-31,2021-03-31,10-K,"Evolutionary Genomics, Inc.",FNAM,CIK0000884363,USD,3164.0,,,,,452902.0,12015552.0,371248.0,,54929.0,,,0.0,3992699.0,277593.0,,3715106.0,,,,,,,,215836.0,170395.0,170395.0,0.001,780000000.0,5881898.0,5881898.0,5882.0,,,,,,,840812.0,-987353.0,903283.0,,146541.0,,903283.0,2585042.0,378524.0,,2060283.0,,897196.0,,6087.0,38119.0,409368.0,,1236228.0,,,-0.34,,0.3657,0.21,-0.1157,,0.0001,0.0,,0.0091,0.0201,0.0014,-0.0091,0.0366,405449.0,,,-404298.0,3383.0,1006751.0,2602.0,638105.0,1006751.0,1006751.0,3664343.0,,74268.0,603632.0,,,,-2699236.0,-987353.0,,-16251.0,-6845.0,,,37574.0,,,372.0,,495518.0,28535.0,,2248995.0,3992699.0,3164.0,2245831.0,2245831.0,,2320099.0,147613.0,-2297317.0,-3423037.0,,-1997450.0,,180559.0,,2892295.0,-2879795.0,5295000.0,,,,,,,,,285567.0,0.001,20000000.0,,,1236228.0,,61757.0,,,,,2095831.0,224268.0,,,147613.0,,,,-1711154.0,503665.0,50763.0,1793145.0,-15083552.0,12500.0,,219718.0,,,,,,110884.0,,1400000.0,688332.0,1.85,,0.0,,,1081667.0,1.74,,,,102667.0,179999.0,,-1825890.0,,,,,,,,,,,,,,,-54182.0,379000.0,3569594.0,,,,,74268.0,-312000.0,,5881898.0,,,215836.0,987351.0,98792.0,105919.0,312373.0,566840.0,,-3790.0,6087.0,49338.0
2021-03-31,2021-05-13,10-Q,"Evolutionary Genomics, Inc.",FNAM,CIK0000884363,USD,4135.0,,,,,460918.0,11999090.0,,,54930.0,,,0.0,3611253.0,155850.0,,3455403.0,,,,,,,,97558.0,,-118278.0,0.001,780000000.0,5881898.0,5881898.0,5882.0,,,,,,,,,,,,,,,,,,,,,,8016.0,259703.0,,1307620.0,,,-0.1,,,,,,,,,,,,,,350520.0,,,655985.0,3383.0,755064.0,2602.0,638105.0,1006751.0,1006751.0,3412656.0,,,324605.0,,,,-513742.0,0.0,,971.0,0.0,,,-3465.0,,,108.0,,92430.0,7134.0,,2326361.0,3611253.0,4135.0,2322226.0,,,76395.0,0.0,-194673.0,-513742.0,,-585134.0,,108.0,,513850.0,-513850.0,,,,,,,,,,71392.0,0.001,20000000.0,,,1307620.0,,58292.0,,,,,76395.0,,,,,,,,-513742.0,503665.0,42747.0,96815.0,-15597294.0,0.0,,54930.0,,,,,,,,1400000.0,688332.0,1.85,,0.0,,0.0,1081667.0,1.74,,,,65333.0,0.0,,-2284702.0,,,,,,,,,,,,,,,54930.0,,3569594.0,,,,,0.0,,,5881898.0,,,,,,,,,,,,
2021-06-30,2021-08-06,10-Q,"Evolutionary Genomics, Inc.",FNAM,CIK0000884363,USD,129233.0,,,,,468935.0,11982627.0,,,54929.0,,,,3237579.0,41881.0,,3195698.0,,,,,,,,588.0,,,,,,,5882.0,,,,,,,,,,,,,,,,,,,,,,8017.0,,,1379012.0,,,-0.11,,,,,,,,,,,,,,295591.0,,,907673.0,3383.0,503376.0,2602.0,638105.0,1006751.0,1006751.0,3160968.0,,,325079.0,,,,-553701.0,,,,,,,,,,6.0,,92429.0,,,2451459.0,3237579.0,129233.0,2322226.0,,,,,,-553701.0,,-625093.0,,6.0,,553707.0,-553707.0,,,,,,,,,,71392.0,,,,,1379012.0,,41293.0,,,,,,,,,,,,,-553701.0,503665.0,34730.0,136199.0,-16150995.0,,,54929.0,,,,,,,,1400000.0,688332.0,1.85,,,,,1081667.0,1.74,,,,130667.0,,,-2783474.0,,,,,,,,,,,,,,,,,3569594.0,,,,,,,,5881898.0,,,,,,,,,,,,
2021-09-30,2021-11-01,10-Q,"Evolutionary Genomics, Inc.",FNAM,CIK0000884363,USD,39655.0,,,,,476951.0,11966165.0,,,54930.0,,,,3565795.0,629801.0,,2935994.0,,,,,,,,605508.0,,,0.001,780000000.0,5881898.0,5881898.0,5882.0,,,,,,,,,,,,,,,,,,,,,,8015.0,,,1450404.0,,,-0.19,,,,,,,,,,,,,,240661.0,,,-1159361.0,3383.0,251688.0,2602.0,638105.0,1006751.0,1006751.0,2909280.0,,,305335.0,,,,-1058657.0,,,,,,,,,,255.0,,92430.0,,,3783402.0,3565795.0,39655.0,3743747.0,,,,,,-1058657.0,,-1130049.0,,83650.0,,1142307.0,-1142307.0,,,,,,,,,,71392.0,0.001,20000000.0,,,1450404.0,,24293.0,,,,,,,,,,,,,-1058657.0,503665.0,26714.0,744542.0,-17209652.0,,,54930.0,,,,,,,,1400000.0,688332.0,1.85,,,,,1081667.0,1.74,,,,46667.0,,,-3787201.0,,,,,,,,,,,,,,,,,3569594.0,,,,,,,,5881898.0,,,,,,,,,,,,
