end,filed,form,Name,Ticker,CIK,Currency,AccountsPayableCurrent,AccruedLiabilitiesCurrent,AdditionalPaidInCapital,AdditionalPaidInCapitalCommonStock,AdjustmentForAmortization,Assets,AssetsCurrent,CashAndCashEquivalentsAtCarryingValue,CashCashEquivalentsRestrictedCashAndRestrictedCashEquivalentsIncludingDisposalGroupAndDiscontinuedOperations,CashCashEquivalentsRestrictedCashAndRestrictedCashEquivalentsPeriodIncreaseDecreaseIncludingExchangeRateEffect,CommonStockParOrStatedValuePerShare,CommonStockSharesAuthorized,CommonStockSharesIssued,CommonStockSharesOutstanding,CommonStockValue,ComprehensiveIncomeNetOfTaxIncludingPortionAttributableToNoncontrollingInterest,EarningsPerShareBasicAndDiluted,GeneralAndAdministrativeExpense,ImpairmentOfIntangibleAssetsFinitelived,IncomeLossFromContinuingOperationsBeforeIncomeTaxesExtraordinaryItemsNoncontrollingInterest,IncomeLossFromContinuingOperationsBeforeIncomeTaxesMinorityInterestAndIncomeLossFromEquityMethodInvestments,IncomeTaxReconciliationIncomeTaxExpenseBenefitAtFederalStatutoryIncomeTaxRate,IncreaseDecreaseInAccountsPayable,IncreaseDecreaseInAccountsReceivable,IncreaseDecreaseInAccruedLiabilities,IncreaseDecreaseInPrepaidExpense,IntangibleAssetsNetExcludingGoodwill,InterestIncomeOther,Liabilities,LiabilitiesAndStockholdersEquity,NetCashProvidedByUsedInFinancingActivities,NetCashProvidedByUsedInInvestingActivities,NetCashProvidedByUsedInOperatingActivities,NetIncomeLoss,NonoperatingIncomeExpense,OperatingIncomeLoss,OperatingLossCarryforwards,OtherComprehensiveIncomeLossNetOfTax,OtherNonoperatingIncomeExpense,PaymentsToAcquireIntangibleAssets,PreferredStockParOrStatedValuePerShare,PreferredStockSharesAuthorized,PreferredStockSharesIssued,PreferredStockSharesOutstanding,PrepaidExpenseCurrent,ProceedsFromIssuanceOfCommonStock,ProceedsFromIssuanceOrSaleOfEquity,ProfitLoss,RetainedEarningsAccumulatedDeficit,RevenueFromContractWithCustomerExcludingAssessedTax,StockholdersEquity,StockIssuedDuringPeriodValueNewIssues,WeightedAverageNumberOfShareOutstandingBasicAndDiluted
2019-09-30,2019-11-15,10-Q,"GJ Culture Group US, Inc.",GJCU,CIK0001781726,USD,3495.0,5419.0,,360330.0,,286150.0,278542.0,276622.0,276622.0,,0.0001,320000000.0,42959574.0,42959574.0,4296.0,,0.0,31894.0,,-31881.0,,,,,,,7608.0,13.0,8914.0,286150.0,,,,-31881.0,13.0,-31894.0,87390.0,-31881.0,,,0.0001,30000000.0,,,1920.0,,,,-87390.0,,277236.0,,42959574.0
2019-12-31,2020-03-30,10-K,"GJ Culture Group US, Inc.",GJCU,CIK0001781726,USD,1031.0,14152.0,360330.0,,1436.0,250097.0,,242933.0,242933.0,242733.0,0.0001,320000000.0,42959574.0,42959574.0,4396.0,,0.0,151859.0,,-108827.0,,,565.0,,-6267.0,,7164.0,32.0,15183.0,250097.0,364426.0,-8600.0,-4266.0,-108827.0,,-108859.0,129712.0,-108827.0,,8600.0,0.0001,30000000.0,0.0,0.0,,,364426.0,,-129712.0,43000.0,234914.0,364426.0,34121741.0
2020-03-31,2020-05-15,10-Q,"GJ Culture Group US, Inc.",GJCU,CIK0001781726,USD,3262.0,20891.0,360330.0,,444.0,228945.0,,222225.0,222225.0,-20708.0,0.0001,320000000.0,42959574.0,42959574.0,4296.0,,0.0,45133.0,,-30133.0,,,,,8970.0,,6720.0,11.0,24153.0,228945.0,,,-20708.0,-30122.0,11.0,-30133.0,159834.0,-30122.0,,,0.0001,30000000.0,0.0,0.0,,,,,-159834.0,15000.0,204792.0,,42959574.0
2020-06-30,2020-08-14,10-Q,"GJ Culture Group US, Inc.",GJCU,CIK0001781726,USD,3262.0,20891.0,360330.0,,,175292.0,,168520.0,168520.0,,0.0001,320000000.0,42959574.0,42959574.0,4296.0,,0.0,53662.0,,-53662.0,,,,,,,6772.0,9.0,24153.0,175292.0,,,,-53653.0,9.0,-53662.0,213487.0,-53653.0,,,0.0001,30000000.0,0.0,0.0,,,,-30120.0,-213487.0,0.0,151139.0,,42959574.0
2020-09-30,2020-11-16,10-Q,"GJ Culture Group US, Inc.",GJCU,CIK0001781726,USD,3262.0,22606.0,360330.0,,,151375.0,,144994.0,144994.0,,0.0001,320000000.0,42959574.0,42959574.0,4296.0,-25636.0,0.0,25636.0,,-25636.0,,,,,,,6381.0,4.0,25868.0,151375.0,,,,-25636.0,4.0,-25636.0,239119.0,-25632.0,,,0.0001,30000000.0,0.0,0.0,,,,,-239119.0,,125507.0,,42959574.0
2020-12-31,2021-04-15,10-K,"GJ Culture Group US, Inc.",GJCU,CIK0001781726,USD,,14762.0,360330.0,,1567.0,118611.0,,118611.0,118611.0,124322.0,0.0001,320000000.0,42959574.0,42959574.0,4296.0,,0.0,146091.0,5597.0,-131065.0,,,-1031.0,,610.0,,,32.0,14762.0,118611.0,,,-124322.0,-131065.0,,-131091.0,260777.0,-131065.0,,,0.0001,30000000.0,0.0,0.0,,,,,-260777.0,15000.0,103849.0,,42959574.0
2021-03-31,2021-05-17,10-Q,"GJ Culture Group US, Inc.",GJCU,CIK0001781726,USD,,10334.0,360330.0,,,89940.0,,89427.0,89427.0,-29184.0,0.0001,320000000.0,42959574.0,42959574.0,4296.0,,0.0,24245.0,,-24245.0,,,,,-4428.0,513.0,,2.0,10334.0,89940.0,,,-29184.0,-24243.0,2.0,-24245.0,285533.0,-24243.0,,,0.0001,30000000.0,0.0,0.0,513.0,,,,-285020.0,,79606.0,,42959574.0
2021-06-30,2021-08-16,10-Q,"GJ Culture Group US, Inc.",GJCU,CIK0001781726,USD,,13865.0,360330.0,,,40728.0,,40728.0,40728.0,,0.0001,320000000.0,42959574.0,42959574.0,4296.0,,0.0,52744.0,,-52744.0,,,,,,,,1.0,13865.0,40728.0,,,,-52743.0,1.0,-52744.0,337763.0,-52743.0,,,0.0001,30000000.0,0.0,0.0,,,,,-337763.0,,26863.0,,42959574.0
2021-09-30,2021-11-22,10-Q,"GJ Culture Group US, Inc.",GJCU,CIK0001781726,USD,,19107.0,360330.0,,,25010.0,,25010.0,25010.0,,0.0001,320000000.0,42959574.0,42959574.0,4296.0,-20834.0,0.0,20834.0,,-20834.0,,,,,,,,1.0,19107.0,25010.0,,,,-20834.0,1.0,-20834.0,358723.0,,,,0.0001,30000000.0,0.0,0.0,,,,,-358723.0,,5903.0,,42959574.0
