end,filed,form,Name,Ticker,CIK,Currency,AccountsAndNotesReceivableNet,AccountsPayableAndAccruedLiabilities,AccountsPayableAndAccruedLiabilitiesCurrent,AccountsPayableAndAccruedLiabilitiesCurrentAndNoncurrent,AccountsPayableCurrent,AccountsPayableRelatedPartiesCurrent,AccruedInvestmentIncomeReceivable,AccumulatedDepreciationDepletionAndAmortizationPropertyPlantAndEquipment,AcquisitionCosts,AdditionalPaidInCapital,AllowanceForLoanAndLeaseLossRecoveryOfBadDebts,AlternativeExcessNetCapital,AmortizationOfIntangibleAssets,AssetImpairmentCharges,Assets,AssetsCurrent,AssetsFairValueDisclosure,BankOverdrafts,BusinessCombinationAcquisitionRelatedCosts,Cash,CashCashEquivalentsAndShortTermInvestments,CashPeriodIncreaseDecrease,CommonStockParOrStatedValuePerShare,CommonStockSharesAuthorized,CommonStockSharesIssued,CommonStockSharesOutstanding,CommonStockValue,CostOfRevenue,CurrentIncomeTaxExpenseBenefit,DeferredTaxAssetsOperatingLossCarryforwards,Depreciation,DepreciationExpense,DevelopmentStageEnterpriseDeficitAccumulatedDuringDevelopmentStage,EarningsPerShareBasic,EarningsPerShareBasicAndDiluted,EffectOfExchangeRateOnCash,FeesAndCommissions,FiniteLivedIntangibleAssetsNet,GainLossOnSaleOfInvestments,GainOnSaleOfInvestments,GoodwillAcquiredDuringPeriod,GrossProfit,ImpairmentOfInvestments,ImpairmentOfLeasehold,IncomeLossFromContinuingOperationsBeforeInterestExpenseInterestIncomeIncomeTaxesExtraordinaryItemsNoncontrollingInterestsNet,IncreaseDecreaseInAccountsPayable,IncreaseDecreaseInAccountsReceivable,IncreaseDecreaseInNotesReceivableCurrent,IncreaseDecreaseInNotesReceivableRelatedParties,InterestAndDividendIncomeOperating,InterestAndFeeIncomeLoansAndLeases,InterestAndOtherIncome,InterestExpense,InterestIncomeExpenseNet,InterestReceivable,LiabilitiesAndStockholdersEquity,LiabilitiesCurrent,LicensesRevenue,MachineryAndEquipmentGross,MarketingExpense,NetCashProvidedByUsedInFinancingActivities,NetCashProvidedByUsedInInvestingActivities,NetCashProvidedByUsedInOperatingActivities,NetIncomeLoss,NoncashOrPartNoncashAcquisitionInterestAcquired1,NotesAndLoansPayable,NotesPayable,NotesPayableRelatedPartiesClassifiedCurrent,NotesPayableRelatedPartiesCurrent,OperatingExpenses,OperatingIncomeLoss,OperatingLossCarryforwardsValuationAllowance,OtherAdditionalCapital,OtherExpenses,OtherIncome,OtherNoncashIncomeExpense,OtherNonoperatingIncomeExpense,OtherOperatingIncomeExpenseNet,OtherTaxExpenseBenefit,PaymentsForProceedsFromBusinessesAndInterestInAffiliates,PaymentsForProceedsFromShortTermInvestments,PreferredStockParOrStatedValuePerShare,PreferredStockSharesAuthorized,PreferredStockSharesIssued,PreferredStockSharesOutstanding,PrepaidExpense,PrepaidExpenseCurrent,ProceedsFromIssuanceOfCommonStock,ProceedsFromNotesPayable,ProceedsFromRelatedPartyDebt,ProceedsFromRepaymentsOfNotesPayable,ProfessionalFees,PropertyPlantAndEquipmentAdditions,PropertyPlantAndEquipmentFairValueDisclosure,PropertyPlantAndEquipmentNet,RetainedEarningsAccumulatedDeficit,Revenues,RoyaltyRevenue,SellingGeneralAndAdministrativeExpense,ShortTermInvestments,StockholdersEquity,StockIssuedDuringPeriodSharesOther,StockIssuedDuringPeriodSharesPurchaseOfAssets,StockIssuedDuringPeriodSharesShareBasedCompensation,StockIssuedDuringPeriodValueAcquisitions,StockIssuedDuringPeriodValueConversionOfUnits,StockIssuedDuringPeriodValueIssuedForCash,StockIssuedDuringPeriodValueIssuedForServices,StockIssuedDuringPeriodValueOther,StockIssuedDuringPeriodValuePurchaseOfAssets,StockIssuedDuringPeriodValueShareBasedCompensation,SubscriptionRevenue,TemporaryEquityForeignCurrencyTranslationAdjustments,TimeDepositsAtCarryingValue,ValuationAllowanceDeferredTaxAssetChangeInAmount,WeightedAverageNumberOfShareOutstandingBasicAndDiluted,WeightedAverageNumberOfSharesOutstandingBasic,WeightedAverageRateDomesticDepositSavings
2008-11-30,2009-03-02,10-K,PURTHANOL RESOURCES LTD.,PURT,CIK0001126162,USD,,,,,,,,,,,,,,,,,,,,,,,,,,,,,,,,,,,,,,,,,,,,,,,,,,,,,,,,,,,,,,,,-63371.0,,,,,,,,,,,,,,,,,,,,,,,,,,,,,,,,,,,,,67267.0,,,,,,,,,,,,,,,,,
2009-11-30,2010-03-01,10-K,PURTHANOL RESOURCES LTD.,PURT,CIK0001126162,USD,,,,,,,,,,,,,,,,,,,,44019.0,,,,,,,,,,,,,,,,,,,,,,,,,,,,,,,,,,,,,,,,,,,,-210712.0,,,,,,,,,,,,,,,,,,,,,,,,,,,,,,,,,,,,,-143445.0,,,,,,,,,,,,,,,,,
2010-08-31,2010-10-25,10-Q,PURTHANOL RESOURCES LTD.,PURT,CIK0001126162,USD,,,,,,,,,,,,,,,,,,,,,,,,,,,,,,,,,,,,,,,,,,,,,,,,,,,,,-14832.0,2059.0,,,,,,,,,,31478.0,,,,,,18908.0,,,,,-12570.0,,,,,,,,,,,,,,,,,3000.0,,,,,,,15908.0,,,,,,,,,,,,,,,,,,67661990.0,
2010-11-30,2011-07-05,10-K,PURTHANOL RESOURCES LTD.,PURT,CIK0001126162,USD,,123108.0,,,123108.0,,,345714.0,,1448112.0,,,,,630656.0,371370.0,,32.0,,,,-44019.0,0.0001,260000000.0,67661190.0,67661190.0,6766.0,,,,,,2072236.0,-0.01,,,,,,,,,-345714.0,,-575562.0,25092.0,-195312.0,,,,-7498.0,,-58320.0,7498.0,,630656.0,1248014.0,,605000.0,,249729.0,-46151.0,-247597.0,-575562.0,,1097487.0,1097487.0,27387.0,27387.0,168417.0,-168417.0,,,,,,-407145.0,,,,-46151.0,0.0001,80000000.0,0.0,0.0,195312.0,195312.0,,249697.0,,,17000.0,,,259286.0,,,,151417.0,176058.0,-617358.0,,,,,,,101649.0,,,,,-10609.0,,,67661990.0,67661190.0,
2011-02-28,2011-07-22,10-Q,PURTHANOL RESOURCES LTD.,PURT,CIK0001126162,USD,,,,,,,,,,,,,,,,,,,,81.0,,81.0,,,,,,,,,,,,0.0,,,,,,,,,,,,7713.0,12467.0,,,,-2193.0,,-15330.0,2193.0,,,,,,,23183.0,-6880.0,-16222.0,-203539.0,,,,,,175573.0,-203539.0,,,,,,-27966.0,,,,-6880.0,,,,,,,,23215.0,,,3000.0,,,,,,,172573.0,,,,,,,,,,,,,,-14829.0,,,,67540585.0,
2011-05-31,2011-07-22,10-Q,PURTHANOL RESOURCES LTD.,PURT,CIK0001126162,USD,,,,,,,,,,,,,,,,,,,,,,,,,,,,,,,,,,0.0,,,,,,,,,,,,,,,,,,,-17187.0,2193.0,,,,,,,,,,-33034.0,,,,,,18040.0,-18040.0,,,,,,-14994.0,,,,,,,,,,,,,,,3000.0,,,,,,,15040.0,,,,,,,,,,,,,,,,,,75361990.0,
2011-08-31,2011-10-20,10-Q,PURTHANOL RESOURCES LTD.,PURT,CIK0001126162,USD,,558824.0,,,,,,,,1601342.0,,,,,606719.0,347433.0,,71.0,,,,,0.0001,260000000.0,75361990.0,67661990.0,7536.0,,,,,,-2769017.0,0.0,,,,,,,,,,,,,,,,,,,-16917.0,2193.0,,606719.0,1766858.0,,,,,,,-460208.0,,,1164701.0,,43262.0,445484.0,-445484.0,,,,-14724.0,,-14724.0,,,,,0.0001,80000000.0,,,157916.0,,,,,,3000.0,,,259286.0,,,,442484.0,189517.0,-1160139.0,,,,,,,,,,,,,,,,75361990.0,
2011-11-30,2013-08-14,10-K,PURTHANOL RESOURCES LTD.,PURT,CIK0001126162,USD,,,792901.0,1995236.0,792901.0,,,432142.0,,1667790.0,,,,,501319.0,328461.0,,,,9.0,,9.0,0.0001,260000000.0,82073890.0,82073890.0,8207.0,,0.0,,,,3169914.0,-0.01,,,,,,,,,-86428.0,,-1097678.0,669793.0,49863.0,1720.0,,,-8665.0,,-65953.0,8665.0,8665.0,501319.0,1995236.0,,605000.0,,11476.0,,-11467.0,-1097678.0,,1157954.0,1157954.0,44381.0,,957779.0,-957779.0,3169914.0,,,,,-139899.0,,1109470.0,,,0.0001,80000000.0,0.0,0.0,,145449.0,,11508.0,,,17000.0,,,172858.0,-3169914.0,,,940779.0,183003.0,-1493917.0,,,,,,,221119.0,,,,,3817.0,,1109470.0,74958815.0,74958815.0,
2012-02-29,2013-08-23,10-Q,PURTHANOL RESOURCES LTD.,PURT,CIK0001126162,USD,,,798488.0,2034697.0,,,,,,1667790.0,,-1711716.0,,,495839.0,322981.0,,,,14.0,,5.0,0.0001,260000000.0,82073890.0,82073890.0,8207.0,,,,,,3214855.0,0.0,,,,,,,,,,,,5587.0,12467.0,-4695.0,,,-2287.0,18633.0,-16898.0,2287.0,,495839.0,1191312.0,,,,16976.0,,-16971.0,-44941.0,,,,44897.0,,14462.0,-14462.0,,,,,,-30479.0,,,,,0.0001,80000000.0,0.0,0.0,,132982.0,,16976.0,,,2000.0,,,172858.0,,,,12462.0,189985.0,-1538858.0,,,,,,,,,,,,-15868.0,,,,82073890.0,
2012-05-31,2013-08-23,10-Q,PURTHANOL RESOURCES LTD.,PURT,CIK0001126162,USD,,,798614.0,2034711.0,,,,,,1667790.0,,-1726605.0,,,480964.0,308106.0,,,,14.0,,,0.0001,260000000.0,82073890.0,82073890.0,8207.0,,,,,,3229744.0,0.0,,,,,,,,,,,,,,,,,,20245.0,-16864.0,2287.0,,480964.0,1191716.0,,,,,,,-14889.0,,,,44381.0,,14449.0,-14449.0,,,,,,-440.0,,,,,0.0001,80000000.0,0.0,0.0,,120515.0,,,,,2000.0,,,172858.0,,,,12449.0,,-1553747.0,,,,,,,,,,,,14137.0,,,,82073890.0,
2012-08-31,2013-08-23,10-Q,PURTHANOL RESOURCES LTD.,PURT,CIK0001126162,USD,,,804268.0,,,,,,,1667790.0,,1772781.0,,,475839.0,302981.0,,2.0,,,,,0.0001,260000000.0,82073890.0,82073890.0,8207.0,,,,,,3275920.0,0.0,0.0,,,,,,,,,,,,,,,,,22532.0,-17249.0,2287.0,,475839.0,2075762.0,,,,,,,-46176.0,,1225425.0,,46067.0,,15336.0,-15336.0,,,,,,-30840.0,,,,,0.0001,80000000.0,0.0,0.0,,108048.0,,,,,2000.0,,,172858.0,,,,13336.0,194933.0,-1599923.0,,,,,,,,,,,,-15878.0,,,,82073890.0,
2012-11-30,2013-08-27,10-K,PURTHANOL RESOURCES LTD.,PURT,CIK0001126162,USD,0.0,,972551.0,,972551.0,46352.0,,518570.0,,1667790.0,,-1973311.0,,86428.0,380178.0,293748.0,,,,7.0,,9.0,0.0001,260000000.0,82073890.0,82073890.0,8207.0,,0.0,3562878.0,,,3562878.0,0.0,,-20304.0,,,,,,,-86428.0,,-392964.0,179650.0,49868.0,-6009.0,,24440.0,-9148.0,,-68505.0,9148.0,,380178.0,2267059.0,,605000.0,,-2.0,,-23670.0,-392964.0,,1248156.0,1248156.0,46352.0,,226875.0,-226875.0,,,,,,-166089.0,,1247000.0,,,0.0001,80000000.0,0.0,0.0,,95581.0,,23668.0,,23668.0,11000.0,,,86430.0,-3562878.0,,,215875.0,198160.0,-1886881.0,,,,,,,,,,,,-20304.0,,1247000.0,82073890.0,82073890.0,
2013-02-28,2013-08-28,10-Q,PURTHANOL RESOURCES LTD.,PURT,CIK0001126162,USD,,,972604.0,,,45613.0,,518570.0,,1667790.0,,-1985282.0,,,363228.0,276798.0,,,,7.0,,,0.0001,260000000.0,82073890.0,82073890.0,8207.0,,,,,,3574849.0,0.0,,,,,,,,,,,,53.0,12472.0,6880.0,,,-2402.0,,-17404.0,2402.0,,363228.0,2262080.0,,605000.0,,-22436.0,,22436.0,-11971.0,,1243863.0,,45613.0,,16231.0,-16231.0,,,,,,4260.0,,,,,0.0001,80000000.0,0.0,0.0,,83109.0,,-22436.0,,,2000.0,,,86430.0,,,,14231.0,193682.0,-1898852.0,,,,,,,,,,,,19262.0,,,,82073890.0,
2013-05-31,2013-08-29,10-Q,PURTHANOL RESOURCES LTD.,PURT,CIK0001126162,USD,,,1080604.0,,,45613.0,,518570.0,,1667790.0,,-2120937.0,,,353163.0,266733.0,,,,7.0,,,0.0001,260000000.0,82073890.0,82073890.0,8207.0,,,,,,3710504.0,0.0,,,,,,,,,,,,,,,,,,,-17590.0,2402.0,,353163.0,2387670.0,,605000.0,,,,,-135655.0,,1261453.0,,45613.0,,120467.0,-120467.0,,,,,,-15188.0,,,,,0.0001,80000000.0,0.0,0.0,,70642.0,,,,,2000.0,,,86430.0,,,,118467.0,196084.0,-2034507.0,,,,,,,,,,,,,,,,82073890.0,
2013-08-31,2013-10-03,10-Q,PURTHANOL RESOURCES LTD.,PURT,CIK0001126162,USD,,,976435.0,,,45244.0,,518570.0,,1667790.0,,2203182.0,,,363186.0,276756.0,,,,23535.0,,,0.0001,260000000.0,82073890.0,82073890.0,8207.0,,,,,,3792749.0,,0.0,,,,,,,,,,,,,,,,,,-16789.0,2402.0,,363186.0,2479938.0,,605000.0,30273.0,,,,-82245.0,,1458259.0,,45244.0,,79127.0,-79127.0,,,,,,-3118.0,,,,,0.0001,80000000.0,0.0,0.0,,58175.0,,,,,2000.0,,,86430.0,,,,46854.0,195046.0,-2116752.0,,,,,,,,,,,,11269.0,,,,82073890.0,
2013-11-30,2014-03-17,10-K,PURTHANOL RESOURCES LTD.,PURT,CIK0001126162,USD,122200.0,,,,974854.0,,34048.0,605000.0,,2795550.0,,,,132138.0,1019762.0,319762.0,,,,114.0,,107.0,0.0001,260000000.0,164473890.0,164473890.0,16447.0,,0.0,,,,4098564.0,0.0,,30787.0,846362.0,700000.0,,,,312200.0,-132138.0,,-535686.0,2303.0,49873.0,-111880.0,,,-9608.0,,-69755.0,9608.0,,1019762.0,2306329.0,,605000.0,,-32788.0,,32895.0,-535686.0,,1286231.0,1286231.0,45244.0,,686388.0,-374188.0,4098564.0,-1986567.0,,,,-161498.0,,1434000.0,,,0.0001,80000000.0,0.0,0.0,,0.0,,,,-32788.0,15000.0,,,,-4098564.0,312200.0,312200.0,671388.0,197448.0,-1286567.0,70000000.0,,,,,,436000.0,700000.0,700000.0,,,,,1434000.0,99842657.0,99842657.0,
