end,filed,form,Name,Ticker,CIK,Currency,AccountsPayableOtherCurrent,AccruedProfessionalFeesCurrent,AccumulatedOtherComprehensiveIncomeLossForeignCurrencyTranslationAdjustmentNetOfTax,Assets,AssetsCurrent,Cash,Cash,CashAndCashEquivalentsAtCarryingValue,CashAndCashEquivalentsPeriodIncreaseDecrease,CashCashEquivalentsRestrictedCashAndRestrictedCashEquivalents,CashCashEquivalentsRestrictedCashAndRestrictedCashEquivalentsPeriodIncreaseDecreaseIncludingExchangeRateEffect,CommonStockDividendsPerShareCashPaid,CommonStockDividendsPerShareDeclared,CommonStockNoParValue,CommonStockSharesAuthorized,CommonStockSharesIssued,CommonStockSharesOutstanding,CommonStockValue,ComprehensiveIncomeNetOfTax,CurrentFederalTaxExpenseBenefit,DividendsCommonStockCash,DividendsPayableAmountPerShare,DividendsPayableCurrentAndNoncurrent,DueFromBanks,DueToRelatedPartiesCurrent,EarningsPerShareBasicAndDiluted,EffectOfExchangeRateOnCash,EffectOfExchangeRateOnCashAndCashEquivalents,EffectOfExchangeRateOnCashCashEquivalentsRestrictedCashAndRestrictedCashEquivalents,ForeignCurrencyTransactionGainLossUnrealized,IncomeTaxExpenseBenefit,IncreaseDecreaseInAccruedInterestReceivableNet,IncreaseDecreaseInDueToRelatedPartiesCurrent,IncreaseDecreaseInInterestPayableNet,InterestBearingDepositLiabilitiesForeign,InterestBearingDepositsInBanks,InterestBearingDepositsInBanks,InterestExpense,InterestPaid,InterestPaidNet,InterestPayableCurrent,InterestPayableCurrentAndNoncurrent,InterestReceivable,InterestReceivableCurrent,InvestmentIncomeInterest,InvestmentInterestRate,Liabilities,LiabilitiesAndStockholdersEquity,LiabilitiesCurrent,NetCashProvidedByUsedInFinancingActivities,NetCashProvidedByUsedInFinancingActivitiesContinuingOperations,NetCashProvidedByUsedInOperatingActivities,NetCashProvidedByUsedInOperatingActivitiesContinuingOperations,NetIncomeLoss,NoninterestBearingDepositLiabilities,NoninterestBearingDepositLiabilitiesForeign,OperatingExpenses,OtherAccruedLiabilitiesCurrent,OtherComprehensiveIncomeForeignCurrencyTransactionAndTranslationAdjustmentBeforeTaxPortionAttributableToParent,OtherComprehensiveIncomeForeignCurrencyTransactionAndTranslationAdjustmentNetOfTaxPeriodIncreaseDecrease,OtherComprehensiveIncomeLossForeignCurrencyTransactionAndTranslationAdjustmentNetOfTax,PaymentsForOperatingActivities,PaymentsForOperatingActivities,PaymentsForRepurchaseOfEquity,PaymentsForRepurchaseOfRedeemablePreferredStock,PaymentsForRepurchaseOfRedeemablePreferredStock,PaymentsOfCapitalDistribution,PaymentsOfDividends,PreferredStockRedemptionAmount,ProceedsFromIssuanceOfRedeemablePreferredStock,ProceedsFromIssuanceOfRedeemablePreferredStock,ProceedsFromOperatingActivities,ReclassificationsOfTemporaryToPermanentEquity,RedeemableNoncontrollingInterestEquityCarryingAmount,RetainedEarningsAccumulatedDeficit,Revenues,SponsorFees,StockholdersEquityIncludingPortionAttributableToNoncontrollingInterest,StockholdersEquityNoteSubscriptionsReceivable,StockIssuedDuringPeriodSharesIssuedForCash,StockIssuedDuringPeriodValueIssuedForCash,StockRedeemedOrCalledDuringPeriodShares,StockRedeemedOrCalledDuringPeriodValue,TemporaryEquityForeignCurrencyTranslationAdjustments,TemporaryEquityRedemptionValue,TemporaryEquitySharesAuthorized,TemporaryEquitySharesIssued,TemporaryEquitySharesOutstanding,TemporaryEquityStockIssuedDuringPeriodValueNewIssues,WeightedAverageNumberOfShareOutstandingBasicAndDiluted
2008-10-31,2009-01-14,10-K,Invesco CURRENCYSHARES AUSTRALIAN DOLLAR TRUST,FXA,CIK0001353614,USD,,,,,,,,256361363.0,,,,,,,,,,,,,,,,,,,,,,,,,,,,,,,,,,,,,,,,,,,,,,,,,,,,,,,,,,,,,,,,,,,,,,,,,,,,,,,,,,
2009-10-31,2010-01-14,10-K,Invesco CURRENCYSHARES AUSTRALIAN DOLLAR TRUST,FXA,CIK0001353614,USD,,,,,,,,745612305.0,489250942.0,,,,1.87,,,,8250000.0,746917479.0,10177467.0,,10291885.0,,,,,1.8,,162332695.0,,299521.0,,,,,,,,,,,,,,,11542447.0,,,,,316879152.0,,10039095.0,,9872110.0,,,1670337.0,,305357.0,305357.0,,,,67683645.0,,,10291885.0,,,,,,,,,11542447.0,1670337.0,,,,,,,,,,,,,
2010-07-31,2010-09-09,10-Q,Invesco CURRENCYSHARES AUSTRALIAN DOLLAR TRUST,FXA,CIK0001353614,USD,,,,,,,,556676986.0,,,,,0.77,,,,,,5573257.0,,,,,,,0.79,,,,,,,,,,,,,,,,,,,5934961.0,,,,,,,,,5339012.0,,,595949.0,,234245.0,,,,,,,,,,,,,,,,,5934961.0,595949.0,,,,,,,,,,,,,
2010-10-31,2010-12-29,10-K,Invesco CURRENCYSHARES AUSTRALIAN DOLLAR TRUST,FXA,CIK0001353614,USD,,,,,663886008.0,,,661675025.0,-83937280.0,,,,2.87,0.0,28500000.0,6750000.0,6750000.0,663665283.0,21985533.0,,20831349.0,,,,,2.97,,52113166.0,,-161484.0,,,,,,675000000.0,661634974.0,,,,,,2210983.0,,24143782.0,,,663886008.0,220725.0,-157033112.0,,20982666.0,,21506266.0,,,2637516.0,220725.0,479267.0,479267.0,,,,431197241.0,,,20831349.0,,,,,,,,,24143782.0,2637516.0,,,3250000.0,294995478.0,4750000.0,-431197241.0,,,,,,,7253014.0
2011-01-31,2011-03-11,10-Q,Invesco CURRENCYSHARES AUSTRALIAN DOLLAR TRUST,FXA,CIK0001353614,USD,,,,,,,,727848914.0,66173889.0,,,,0.95,,,,,,6826367.0,,,,,,,0.98,,11565502.0,,35508.0,,,,,,,,,,,,,,,7492130.0,,,,,48148825.0,,6459562.0,,6798301.0,,,693829.0,,28066.0,,,,,94515522.0,,,6595688.0,,,,,,,,,7492130.0,693829.0,,,,,,,,,,,,,6959783.0
2011-04-30,2011-06-09,10-Q,Invesco CURRENCYSHARES AUSTRALIAN DOLLAR TRUST,FXA,CIK0001353614,USD,,,,,,,,919657096.0,,,,,0.96,,,,,,7463451.0,,,,,,,0.97,,,,,,,,,,,,,,,,,,,7722984.0,,,,,,,,,7001363.0,,,721621.0,,462088.0,,,,,,,,,,,,,,,,,7722984.0,721621.0,,,,,,,,,,,,,7220225.0
2011-07-31,2011-09-09,10-Q,Invesco CURRENCYSHARES AUSTRALIAN DOLLAR TRUST,FXA,CIK0001353614,USD,,,,,871041127.0,,,867749296.0,,,,,1.06,0.0,28500000.0,7900000.0,7900000.0,870713052.0,8681655.0,,,,,,,1.07,,,,,,,,,,,867779035.0,,,,,,3262092.0,,9303096.0,,,871041127.0,328075.0,,,,,8449651.0,,29739.0,853445.0,298336.0,232004.0,,,,,,,,,,,,,,,,,9303096.0,853445.0,,,,,,,,,,,,,7893478.0
2011-10-31,2011-12-23,10-K,Invesco CURRENCYSHARES AUSTRALIAN DOLLAR TRUST,FXA,CIK0001353614,USD,,,,,862642412.0,,,859493792.0,197818767.0,,,4.01,5.04,,28500000.0,8100000.0,8100000.0,862361862.0,40095007.0,,30011685.0,,,,,5.12,,58717633.0,,143137.0,,-3148620.0,,,,810000000.0,859369944.0,,,,,,3148620.0,,42810464.0,,,862642412.0,280550.0,109270460.0,,29830674.0,,38881383.0,,,3929081.0,280550.0,1213624.0,967891.0,967891.0,,3054668.0,609007896.0,,609007896.0,30011685.0,,,,748290041.0,,,,,42810464.0,3929081.0,,,7250000.0,748290041.0,5900000.0,609007896.0,,,,,,,15437125.0
2012-01-31,2012-03-12,10-Q,Invesco CURRENCYSHARES AUSTRALIAN DOLLAR TRUST,FXA,CIK0001353614,USD,,,,,799716360.0,,,797079256.0,-62414536.0,,,0.99,0.99,,28500000.0,7500000.0,7500000.0,799447595.0,7811486.0,,,,,,,0.94,,-1045383.0,,14911.0,,,,,,,797062559.0,,,,,,2637104.0,,8330286.0,,,799716360.0,268765.0,-69359321.0,,7990168.0,,7505348.0,,,824938.0,268765.0,306138.0,,306138.0,,,225037437.0,,,7935976.0,,,,,,,,,8330286.0,824938.0,,,,,,,,,,,,,7993478.0
2012-04-30,2012-06-11,10-Q,Invesco CURRENCYSHARES AUSTRALIAN DOLLAR TRUST,FXA,CIK0001353614,USD,,,,,658017757.0,,,655849782.0,,,,0.97,0.97,,33500000.0,6250000.0,6250000.0,652569079.0,6434536.0,,,,,,,0.94,,,,,,,,,11484.0,,655861266.0,,,,,,2156491.0,,7242218.0,,,658017757.0,5448678.0,,,,,6514580.0,,,727638.0,216641.0,-80044.0,,-80044.0,,,,,,,,,,,,,,,7242218.0,727638.0,,,,,,,,5220553.0,,,,,6966111.0
2012-07-31,2012-09-10,10-Q,Invesco CURRENCYSHARES AUSTRALIAN DOLLAR TRUST,FXA,CIK0001353614,USD,,,,,617394796.0,,,589253240.0,,,,0.83,0.83,,33500000.0,5850000.0,5850000.0,617123349.0,4887764.0,,,,,,,0.78,,,,,,,,,62880.0,585000000.0,589316120.0,,,,,,1705883.0,,5300777.0,,,617394796.0,271447.0,,,,,4683168.0,,,617609.0,208567.0,204596.0,,204596.0,,,,,,,,,,,,,,,5300777.0,617609.0,,,,,,,,,,,,,6033152.0
2012-10-31,2012-12-21,10-K,Invesco CURRENCYSHARES AUSTRALIAN DOLLAR TRUST,FXA,CIK0001353614,USD,,,,,587298836.0,,,585861808.0,-273631984.0,,,4.3,4.3,,33500000.0,5650000.0,5650000.0,587082954.0,27292612.0,,,,,,,4.1,,-21000038.0,,-80418.0,,-1422297.0,,,14731.0,565000000.0,585876539.0,,,,,,1422297.0,1422297.0,30274109.0,,,587298836.0,215882.0,-276990601.0,,24358655.0,,26881202.0,14731.0,,3392907.0,201151.0,411410.0,,411410.0,,2854155.0,676167642.0,,676167642.0,23954507.0,,,,423131548.0,,,,,30274109.0,3392907.0,,,4100000.0,423131548.0,6550000.0,676167642.0,,,,,,,12521885.0
2013-01-31,2013-03-08,10-Q,Invesco CURRENCYSHARES AUSTRALIAN DOLLAR TRUST,FXA,CIK0001353614,USD,,,,,611535038.0,,,610197475.0,24335667.0,,,0.61,0.61,,33500000.0,5850000.0,5850000.0,611330045.0,3420427.0,,,,,,,0.6,,3409454.0,,7354.0,,-1337563.0,,,,585000000.0,610184130.0,,,,,,1337563.0,,4030773.0,,,611535038.0,204993.0,17403789.0,,3522424.0,,-3426494.0,,,604279.0,204993.0,-6067.0,,-6067.0,,601615.0,151651904.0,,151651904.0,3496505.0,,,,172552198.0,,,,,4030773.0,604279.0,,,1650000.0,172552198.0,1450000.0,151651904.0,,,,,,,5757609.0
2013-04-30,2013-06-07,10-Q,Invesco CURRENCYSHARES AUSTRALIAN DOLLAR TRUST,FXA,CIK0001353614,USD,,,,,556535281.0,,,555338123.0,,,,0.56,,,38500000.0,5350000.0,5350000.0,556330530.0,3096201.0,,,0.1816,,,,0.55,,,,,,,,,,535000000.0,555356596.0,,,,,,,1178685.0,3658002.0,,,556535281.0,204751.0,,,,,3086209.0,18473.0,,571793.0,186278.0,,,9992.0,,,,,,,,,,,,,,,3658002.0,571793.0,,,,,,,,,,,,,5624719.0
2013-07-31,2013-09-06,10-Q,Invesco CURRENCYSHARES AUSTRALIAN DOLLAR TRUST,FXA,CIK0001353614,USD,,,,,377706106.0,,,376910145.0,,,,0.51,,,38500000.0,4200000.0,4200000.0,377555180.0,2152314.0,,,0.1491,,,,0.48,,,,,,,,,,420000000.0,376929069.0,,,,,,,777037.0,2736966.0,,,377706106.0,150926.0,,,,,2277622.0,18924.0,,459344.0,132002.0,,,-125308.0,,,,,,,,,,,,,,,2736966.0,459344.0,,,,,,,,,,,,,4733152.0
2013-10-31,2013-12-20,10-K,Invesco CURRENCYSHARES AUSTRALIAN DOLLAR TRUST,FXA,CIK0001353614,USD,,,0.0,,426869373.0,,,426133307.0,-159728501.0,,,2.54,,,38500000.0,4500000.0,4500000.0,426725846.0,12183652.0,,,0.1327,,5821.0,,2.46,,-46025128.0,,-196050.0,,-736066.0,,,,450000000.0,426127486.0,,,,,,,736066.0,14679477.0,,,426869373.0,143527.0,-124648444.0,-124648444.0,10945071.0,10945071.0,12234703.0,,,2444774.0,143527.0,,,-51051.0,,2069862.0,,,658315705.0,10764325.0,,,,544431586.0,,,426725846.0,0.0,14679477.0,2444774.0,,,5500000.0,544431586.0,6650000.0,658315705.0,,,,,4500000.0,,9417281.0
2014-01-31,2014-03-12,10-Q,Invesco CURRENCYSHARES AUSTRALIAN DOLLAR TRUST,FXA,CIK0001353614,USD,,,,,319070609.0,,,318436694.0,-107696613.0,,,0.39,,,38500000.0,3600000.0,3600000.0,314561501.0,1566878.0,0.0,,0.1285,,,,0.39,,-30747841.0,,-44646.0,,-608163.0,,,,360000000.0,318462446.0,,,,,,,608163.0,2007104.0,,,319070609.0,4509108.0,-78628011.0,,1679239.0,,1625063.0,25752.0,,382041.0,114446.0,,,-58185.0,,400498.0,,,90583468.0,1625179.0,,,,13580636.0,,,,,2007104.0,382041.0,,,150000.0,13580636.0,1050000.0,95114616.0,,4368910.0,,,,,4138043.0
2014-04-30,2014-06-09,10-Q,Invesco CURRENCYSHARES AUSTRALIAN DOLLAR TRUST,FXA,CIK0001353614,USD,,,,,301701452.0,,,301114554.0,,,,0.41,,,38500000.0,3250000.0,3250000.0,301585296.0,1419944.0,,,0.1407,,,,0.41,,,,,,,,,,325000000.0,301128630.0,,,,,,,572822.0,1706535.0,,,301701452.0,116156.0,,,,,1398260.0,14076.0,,308275.0,102080.0,,,21684.0,,,,,,,,,,,,,,,1706535.0,308275.0,,,,,,,,,,,,,3439888.0
2014-07-31,2014-09-08,10-Q,Invesco CURRENCYSHARES AUSTRALIAN DOLLAR TRUST,FXA,CIK0001353614,USD,13967288.0,,,,284111482.0,,,283547274.0,,,,0.44,,,38500000.0,2900000.0,2900000.0,270034213.0,1372503.0,,,0.145,,,,0.44,,,,,,,,,,290000000.0,283558445.0,,,,,,,553037.0,1678854.0,,,284111482.0,14077269.0,,,,,1380622.0,11171.0,,298232.0,98810.0,,,-8119.0,,,,,,,,,,,,,,,1678854.0,298232.0,,,,,,,,,,,,,3154348.0
2014-10-31,2015-01-14,10-K,Invesco CURRENCYSHARES AUSTRALIAN DOLLAR TRUST,FXA,CIK0001353614,USD,,91009.0,0.0,,290599125.0,330000000.0,290070109.0,290103775.0,-136029532.0,,,2.06,,0.0,38500000.0,3300000.0,3300000.0,290508116.0,6730731.0,0.0,,0.1327,,33666.0,,2.05,,-26354927.0,,-34737.0,,-495350.0,91009.0,,,330000000.0,290070109.0,,,,,,,495350.0,8366725.0,,,290599125.0,91009.0,-115451707.0,-115451707.0,5777102.0,5777102.0,6843337.0,,,1523388.0,91009.0,,,-112606.0,,1300672.0,,220000000.0,201328373.0,5637628.0,,,100000000.0,91514294.0,7077774.0,,290508116.0,0.0,8366725.0,1523388.0,,,1000000.0,91514294.0,2200000.0,201328373.0,-26403651.0,,,,3300000.0,91514294.0,6369050.0
2015-01-31,2015-03-12,10-Q,Invesco CURRENCYSHARES AUSTRALIAN DOLLAR TRUST,FXA,CIK0001353614,USD,,,0.0,,218513181.0,,,218025378.0,-72078397.0,,,0.4,,,38500000.0,2800000.0,2800000.0,218409432.0,1174956.0,0.0,,0.1282,,,,0.41,,-30430213.0,,-47876.0,,-463156.0,79102.0,,,280000000.0,218050025.0,,,,,,,463156.0,1516849.0,,,218513181.0,103749.0,-42875591.0,-42875591.0,1227407.0,1227407.0,1254996.0,24647.0,,261853.0,79102.0,,,-80040.0,,263485.0,,,45797763.0,1242198.0,,,,4164370.0,1490892.0,,,0.0,1516849.0,261853.0,,,50000.0,4164370.0,550000.0,45797763.0,,,,,,,3092391.0
2015-04-30,2015-06-09,10-Q,Invesco CURRENCYSHARES AUSTRALIAN DOLLAR TRUST,FXA,CIK0001353614,USD,19743643.0,,0.0,,221192307.0,,,220884997.0,,,,0.33,,0.0,38500000.0,2550000.0,2550000.0,201385132.0,762254.0,,,0.0998,,35024.0,,0.29,,,,,,,,,,255000000.0,220849973.0,,,,,,,307310.0,946190.0,,,221192307.0,19807175.0,,,,,748869.0,,,197321.0,63532.0,,,13385.0,,,,,,,,,,,,,,0.0,946190.0,197321.0,,,,,,,,,,,,,2578090.0
2015-07-31,2015-09-09,10-Q,Invesco CURRENCYSHARES AUSTRALIAN DOLLAR TRUST,FXA,CIK0001353614,USD,,,0.0,,183881407.0,,,183583388.0,,,,0.27,,0.0,38500000.0,2500000.0,2500000.0,183813693.0,638617.0,,,0.0899,,,,0.26,,,,,,,,,,250000000.0,183587565.0,,,,,,,293842.0,863605.0,,,183881407.0,67714.0,,,,,666749.0,4177.0,,196856.0,63537.0,,,-28132.0,,,,,,,,,,,,,,0.0,863605.0,196856.0,,,,,,,,,,,,,2516304.0
2015-10-31,2016-01-14,10-K,Invesco CURRENCYSHARES AUSTRALIAN DOLLAR TRUST,FXA,CIK0001353614,USD,,61296.0,0.0,,182192182.0,255000000.0,181929740.0,181931636.0,-108172139.0,181931636.0,,1.48,,,38500000.0,2550000.0,2550000.0,182130886.0,3654489.0,0.0,,0.0788,,1896.0,61296.0,1.42,,-50162083.0,,-109216.0,,-260546.0,61296.0,,,255000000.0,181929740.0,,,,,,,260546.0,4773914.0,,,182192182.0,61296.0,,-61320071.0,,3310015.0,3757666.0,,,1016248.0,,,,-103177.0,,846019.0,,215000000.0,166357064.0,3292732.0,,,140000000.0,108329725.0,4156034.0,,182130886.0,0.0,4773914.0,1016248.0,,,,,2150000.0,166357064.0,-50349891.0,,38500000.0,2550000.0,2550000.0,108329725.0,5147288.0
2016-01-31,2016-03-11,10-Q,Invesco CURRENCYSHARES AUSTRALIAN DOLLAR TRUST,FXA,CIK0001353614,USD,3540594.0,,0.0,,177094115.0,245000000.0,173300786.0,176834144.0,-5097492.0,,,0.24,,,,,,,608313.0,,,0.0768,,,60998.0,0.24,,-1522670.0,,-1687.0,0.0,-256578.0,60998.0,,,,176837537.0,,,,,,,256578.0,797805.0,,,177094115.0,3604985.0,,-4190751.0,,615929.0,613946.0,3393.0,,183859.0,,,,-5633.0,,183632.0,,20000000.0,10715555.0,614995.0,,,10000000.0,7139799.0,799561.0,,173489130.0,0.0,797805.0,183859.0,,,,,,,-1492621.0,,38500000.0,2450000.0,2450000.0,7139799.0,2551087.0
2016-04-30,2016-06-09,10-Q,Invesco CURRENCYSHARES AUSTRALIAN DOLLAR TRUST,FXA,CIK0001353614,USD,,,0.0,,179569758.0,235000000.0,179340302.0,179340302.0,,,,0.23,,,,,,,531448.0,,,0.0723,,,58829.0,0.22,,,,,,,,,,,179340302.0,,,,,,,229456.0,692867.0,,,179569758.0,58829.0,,,,,517694.0,,,175173.0,,,,13754.0,,,,,,,,,,,,,179510929.0,0.0,692867.0,175173.0,,,,,,,,,38500000.0,2350000.0,2350000.0,,2388333.0
2016-07-31,2016-09-09,10-Q,Invesco CURRENCYSHARES AUSTRALIAN DOLLAR TRUST,FXA,CIK0001353614,USD,,,0.0,,178833769.0,235000000.0,178611738.0,178612456.0,,,,0.2,,,,,,,463630.0,,,0.0688,,718.0,60252.0,0.19,,,,,,,,,,,178611738.0,,,,,,,221313.0,627072.0,,,178833769.0,60252.0,,,,,452253.0,,,174819.0,,,,11377.0,,,,,,,,,,,,,178773517.0,0.0,627072.0,174819.0,,,,,,,,,38500000.0,2350000.0,2350000.0,,2345109.0
2016-10-31,2017-01-12,10-K,Invesco CURRENCYSHARES AUSTRALIAN DOLLAR TRUST,FXA,CIK0001353614,USD,,,0.0,,178980152.0,235000000.0,178823221.0,178822572.0,-3109064.0,178822572.0,-3109064.0,0.9600000000000001,,,,,,,2160575.0,,1972470.0,0.0405,,0.0,60936.0,0.89,21361.0,11691534.0,,21361.0,0.0,156931.0,60936.0,,,,178823221.0,,,,,,,156931.0,3034824.0,,,178980152.0,61585.0,-16787681.0,-16787681.0,1987083.0,1987083.0,2141041.0,649.0,,893783.0,,,,19534.0,,718687.0,,45000000.0,33314772.0,1972470.0,,,25000000.0,18499561.0,2705770.0,,178918567.0,0.0,3034824.0,893783.0,,,,,,,11602892.0,,38500000.0,2350000.0,2350000.0,18499561.0,4760103.0
2017-01-31,2017-03-13,10-Q,Invesco CURRENCYSHARES AUSTRALIAN DOLLAR TRUST,FXA,CIK0001353614,USD,,,0.0,,178606400.0,235000000.0,178400213.0,178399404.0,-423168.0,,,0.15,,,,,,,391668.0,,,0.0613,,0.0,61054.0,0.16,,-423009.0,,791.0,0.0,-206187.0,61054.0,,,,178400213.0,,,,,,,206187.0,559049.0,,,178606400.0,61863.0,,-335405.0,,335246.0,383593.0,809.0,,175456.0,,,,8075.0,,175199.0,,20000000.0,14878149.0,340276.0,,,20000000.0,14883020.0,510445.0,,178544537.0,0.0,559049.0,175456.0,,,,,,,-378901.0,,38500000.0,2350000.0,2350000.0,14883020.0,2343478.0
2017-04-30,2017-06-09,10-Q,Invesco CURRENCYSHARES AUSTRALIAN DOLLAR TRUST,FXA,CIK0001353614,USD,,,0.0,,168443433.0,225000000.0,168266193.0,168266193.0,,168266193.0,,0.17,,,,,,,351206.0,,,0.0542,,0.0,55345.0,0.16,,,,,,,,,,,168266193.0,,,,,,,177240.0,525897.0,,,168443433.0,55345.0,,,,,357147.0,,,168750.0,,,,-5941.0,,,,,,,,,,,,,168388088.0,0.0,525897.0,168750.0,,,,,,,,,38500000.0,2250000.0,2250000.0,,2269663.0
2017-07-31,2017-09-11,10-Q,Invesco CURRENCYSHARES AUSTRALIAN DOLLAR TRUST,FXA,CIK0001353614,USD,,,0.0,,175835485.0,220000000.0,175637064.0,175637064.0,,175637064.0,,0.17,,,,,,,397172.0,,,0.0631,,0.0,59696.0,0.17,,,,,,,,,,,175637064.0,,,,,,,198421.0,547064.0,,,175835485.0,59696.0,,,,,377944.0,,,169120.0,,,,19228.0,,,,,,,,,,,,,175775789.0,0.0,547064.0,169120.0,,,,,,,,,38500000.0,2200000.0,2200000.0,,2205435.0
2017-10-31,2018-01-11,10-K,Invesco CURRENCYSHARES AUSTRALIAN DOLLAR TRUST,FXA,CIK0001353614,USD,,,0.0,,141992962.0,185000000.0,141848757.0,141846880.0,-36975692.0,141846880.0,-36975692.0,0.8400000000000001,,,,,,,1794252.0,,1460231.0,0.0502,,0.0,49258.0,0.81,2848.0,1185525.0,1185525.0,2848.0,0.0,144205.0,49258.0,,,,141848757.0,,,,,,,144205.0,2639654.0,,,141992962.0,51135.0,-39620435.0,-39620435.0,1459218.0,1459218.0,1791960.0,1877.0,,847694.0,,,,2292.0,,693136.0,,95000000.0,72530089.0,1460231.0,,,45000000.0,34369885.0,2152354.0,,141941827.0,0.0,2639654.0,847694.0,,,,,,,1183464.0,,38500000.0,1850000.0,1850000.0,34369885.0,4323871.0
2018-01-31,2018-03-12,10-Q,Invesco CURRENCYSHARES AUSTRALIAN DOLLAR TRUST,FXA,CIK0001353614,USD,,,0.0,,133763593.0,165000000.0,133608756.0,133608325.0,-8238555.0,,,0.13,,,,,,,249726.0,,,0.0655,,0.0,45720.0,,,7247961.0,,5711.0,0.0,,,,,,133608756.0,,,,,,,154837.0,371216.0,,,133763593.0,46151.0,,-15716881.0,,230365.0,238824.0,431.0,,132392.0,,,,10902.0,,138418.0,,25000000.0,,,,,5000000.0,,,,,0.0,,,,,,,,,7264995.0,,38500000.0,1650000.0,,3872577.0,1688043.0
2018-04-30,2018-06-11,10-Q,Invesco CURRENCYSHARES AUSTRALIAN DOLLAR TRUST,FXA,CIK0001353614,USD,,,0.0,,128484915.0,170000000.0,128324453.0,,,,,,,,,,,,290634.0,,,0.0697,,1897.0,41592.0,,,,,,,,,,,,128324453.0,,,,,,,158565.0,,,,128484915.0,41592.0,,,,,,,,,,,,-8374.0,,,,,,,,,,,,,,0.0,,,,,,,,,,,38500000.0,1700000.0,,,
2018-07-31,2018-09-07,10-Q,Invesco CURRENCYSHARES AUSTRALIAN DOLLAR TRUST,FXA,CIK0001353614,USD,,,0.0,,130276898.0,175000000.0,130094984.0,,,,,,,,,,,,365209.0,,,0.0791,,3439.0,43248.0,,,,,,,,,,,,130094984.0,,,,,,,178475.0,,,,130276898.0,43248.0,,,,,,,,,,,,-2014.0,,,,,,,,,,,,,130233650.0,0.0,,,,,,,,,,,38500000.0,1750000.0,1750000.0,,
2018-10-31,2019-01-11,10-K,Invesco CURRENCYSHARES AUSTRALIAN DOLLAR TRUST,FXA,CIK0001353614,USD,,,,,120634683.0,170000000.0,120487478.0,,,,-21357005.0,0.72,,,,,,,,,1210590.0,0.0628,,2397.0,40253.0,0.73,-4279.0,-10039407.0,-10043686.0,,0.0,603.0,-9005.0,,,,120487478.0,,,,,,,144808.0,1735658.0,,,120634683.0,40253.0,-12530411.0,,1217092.0,,1226700.0,,,508958.0,,,,,,,,40000000.0,30200732.0,1210590.0,1210590.0,,25000000.0,18880911.0,1727420.0,-16110.0,120594430.0,0.0,1735658.0,508958.0,,,,,,,-10027576.0,,41500000.0,1700000.0,1700000.0,18880911.0,1684110.0
2019-03-31,2019-05-09,10-Q,Invesco CURRENCYSHARES AUSTRALIAN DOLLAR TRUST,FXA,CIK0001353614,USD,,,,,106662909.0,150000132.0,106552574.0,,,106552898.0,-9608383.0,0.18,,,,,,,,,268645.0,0.0494,74085.0,324.0,36136.0,0.17,,,1089807.0,,0.0,-16813.0,-2805.0,-194.0,,,106552574.0,,,194.0,,,,110011.0,360651.0,,,106662909.0,36136.0,-10966296.0,,268106.0,,254292.0,,,106359.0,,,,,,,,24999877.0,17792563.0,268645.0,268645.0,,10000009.0,7094912.0,,14353.0,106626773.0,0.0,360651.0,106359.0,0.0,,,,,,1075454.0,,41500000.0,1500000.0,1500000.0,7094912.0,1506111.0
2019-06-30,2019-08-08,10-Q,Invesco CURRENCYSHARES AUSTRALIAN DOLLAR TRUST,FXA,CIK0001353614,USD,,,,101829915.0,,145000127.0,101753833.0,,,101752200.0,,0.14,,,,,,,,,214141.0,0.0273,39571.0,,34847.0,0.12,,,,,,,,,,,101753833.0,,,,,,,76082.0,285125.0,,36480.0,101829915.0,,,,,,178773.0,1633.0,,106352.0,,,,,,,,,,,214141.0,,,,,35368.0,101793435.0,0.0,285125.0,106352.0,,,,,,,,,41500000.0,1450000.0,1450000.0,,1523626.0
2019-09-30,2019-11-08,10-Q,Invesco CURRENCYSHARES AUSTRALIAN DOLLAR TRUST,FXA,CIK0001353614,USD,,,,97821279.0,,145000127.0,97795309.0,,,97795309.0,,0.05,,,,,,,,,78415.0,,0.0,,32153.0,0.02,,,,,,,,,,,97795309.0,,,,,,,25970.0,133342.0,0.0,32153.0,97821279.0,,,,,,33088.0,,,100254.0,,,,,,,,,,,78415.0,,,,,45327.0,97789126.0,0.0,133342.0,100254.0,,,,,,,,,41500000.0,1450000.0,1450000.0,,1450000.0
2019-12-31,2020-02-28,10-K,Invesco CURRENCYSHARES AUSTRALIAN DOLLAR TRUST,FXA,CIK0001353614,USD,,,,101956052.0,,129989492.0,91376174.0,,,101919531.0,-14241750.0,0.38,,,,,,,,,559837.0,0.0021,2756.0,,34625.0,0.32,,,-256044.0,,0.0,-90303.0,-4316.0,-194.0,,,101919531.0,0.0,,194.0,,,,36521.0,885616.0,0.0,10577982.0,101956052.0,,-14544190.0,,558484.0,,472691.0,,,412925.0,,,,,11848.0,,,54998678.0,28225546.0,559837.0,559837.0,10543357.0,20000018.0,14241193.0,,87146.0,91378070.0,0.0,885616.0,412925.0,,,,,,,,,41500000.0,1300000.0,1300000.0,,1481370.0
2020-03-31,2020-05-08,10-Q,Invesco CURRENCYSHARES AUSTRALIAN DOLLAR TRUST,FXA,CIK0001353614,USD,,,,79560090.0,,129989492.0,79560090.0,,,79560090.0,-22359441.0,0.02,,,,,,,,,25880.0,,0.0,,26951.0,-0.01,,,-11812959.0,,0.0,-36521.0,-7674.0,8907.0,,,79560090.0,14091.0,,5184.0,,8907.0,,,84292.0,0.0015,35858.0,79560090.0,,-10569237.0,,22755.0,,-14999.0,,,99291.0,,,,,0.0,,,0.0,10543357.0,25880.0,25880.0,,0.0,,,40879.0,79524232.0,0.0,84292.0,85200.0,,,,,,,,,41500000.0,1300000.0,1300000.0,,1300000.0
2020-06-30,2020-08-07,10-Q,Invesco CURRENCYSHARES AUSTRALIAN DOLLAR TRUST,FXA,CIK0001353614,USD,,,,89384966.0,,129825675.0,89384966.0,,,85948097.0,,,,,,,,,,,,,0.0,,28251.0,-0.07,,,,,,,,,,,85948097.0,4050.0,,,,,,,0.0,0.0,28251.0,89384966.0,,,,,,-87670.0,,,87670.0,,,,,,,,,,,,,,,,87670.0,89356715.0,0.0,0.0,83620.0,,3436869.0,,,,,,,41500000.0,1300000.0,1300000.0,,1186264.0
2020-09-30,2020-11-06,10-Q,Invesco CURRENCYSHARES AUSTRALIAN DOLLAR TRUST,FXA,CIK0001353614,USD,,,,157320546.0,,214504742.0,153746231.0,,,157320546.0,,,,,,,,,,,,,0.0,,52393.0,-0.07,,,,,,,,,,,157320546.0,0.0,,,,,,,0.0,0.0,3626708.0,157320546.0,,,,,,-137269.0,,,137269.0,,,,,,,,,,,,3574315.0,,,,137269.0,153693838.0,0.0,0.0,137269.0,,,,,,,,,41500000.0,2150000.0,2150000.0,,1952174.0
2020-12-31,2021-02-26,10-K,Invesco CURRENCYSHARES AUSTRALIAN DOLLAR TRUST,FXA,CIK0001353614,USD,,,,157666229.0,,204323450.0,157666229.0,,,157666229.0,55746698.0,0.02,,,,,,,,,25880.0,,0.0,,55131.0,-0.24,,,12554876.0,,0.0,-36521.0,20506.0,,,,157666229.0,18141.0,,18141.0,,,,,84292.0,0.0,55131.0,157666229.0,,43533145.0,,-341323.0,,-398350.0,,,482642.0,,,,,529228.0,,,39913155.0,38088173.0,25880.0,25880.0,,114776341.0,81647198.0,,424230.0,157611098.0,0.0,84292.0,464501.0,,,,,,,,,44500000.0,2050000.0,2050000.0,,1650273.0
2021-03-31,2021-05-07,10-Q,Invesco CURRENCYSHARES AUSTRALIAN DOLLAR TRUST,FXA,CIK0001353614,USD,,,,159259970.0,,209098626.0,159259970.0,,,159259970.0,1593741.0,,,,,,,,,,,,0.0,,54553.0,-0.08,,,-2099079.0,,0.0,,-578.0,,,,159259970.0,,,,,,,,,0.0,54553.0,159259970.0,,3850736.0,,-157916.0,,-157338.0,,,157338.0,,,,,203469.0,,,9956467.0,7715269.0,,,,14935112.0,11566005.0,,157338.0,159205417.0,0.0,,157338.0,,,,,,,,,44500000.0,2100000.0,2100000.0,,2070000.0
2021-06-30,2021-08-06,10-Q,Invesco CURRENCYSHARES AUSTRALIAN DOLLAR TRUST,FXA,CIK0001353614,USD,,,,134418674.0,,179045809.0,134418674.0,,,134418674.0,,,,,,,,,,,,,0.0,,44186.0,-0.08,,,,,,,,,,,134418674.0,0.0,,,,,,,0.0,0.0,44186.0,134418674.0,,,,,,-147612.0,,,147612.0,,,,,,,,,,,,,,,,147612.0,134374488.0,0.0,0.0,147612.0,,,,,,,,,44500000.0,1800000.0,1800000.0,,1921978.0
2021-09-30,2021-11-05,10-Q,Invesco CURRENCYSHARES AUSTRALIAN DOLLAR TRUST,FXA,CIK0001353614,USD,,,,118436193.0,,163959512.0,118436193.0,,,118436193.0,,,,,,,,,,,,,0.0,,38932.0,-0.07,,,,,,,,,,,118436193.0,0.0,,,,,,,0.0,0.0,38932.0,118436193.0,,,,,,-124292.0,,,124292.0,,,,,,,,,,,,,,,,124292.0,118397261.0,0.0,0.0,124292.0,,,,,,,,,,1650000.0,1650000.0,,1682065.0
2021-12-31,2022-02-25,10-K,Invesco CURRENCYSHARES AUSTRALIAN DOLLAR TRUST,FXA,CIK0001353614,USD,,,,97441463.0,,134022937.0,97441463.0,,,97441463.0,-60224766.0,,,,,,,,,,,,0.0,,39107.0,-0.3,,,-8052420.0,,0.0,,-16024.0,,,,97441463.0,0.0,,,,,,,,0.0,39107.0,97441463.0,,-51608067.0,,-564279.0,,-548255.0,,,548255.0,,,,,745508.0,,,84490117.0,63174072.0,,,,14935112.0,11566005.0,,548255.0,97402356.0,0.0,,548255.0,,,,,,,,,,1350000.0,1350000.0,,1823151.0
