end,filed,form,Name,Ticker,CIK,Currency,AccountsPayableCurrent,AccountsPayableRelatedPartiesCurrent,AccountsPayableRelatedPartiesCurrentAndNoncurrent,AccountsReceivableNetCurrent,AccruedLiabilitiesCurrent,AccumulatedDepreciationDepletionAndAmortizationPropertyPlantAndEquipment,AdditionalPaidInCapital,AdjustmentsToAdditionalPaidInCapitalConvertibleDebtWithConversionFeature,AdjustmentsToAdditionalPaidInCapitalOther,AdjustmentsToAdditionalPaidInCapitalSharebasedCompensationRequisiteServicePeriodRecognitionValue,AdjustmentsToAdditionalPaidInCapitalWarrantIssued,AdvertisingExpense,AllocatedShareBasedCompensationExpense,AmortizationOfDebtDiscountPremium,AmortizationOfFinancingCostsAndDiscounts,AntidilutiveSecuritiesExcludedFromComputationOfEarningsPerShareAmount,AssetImpairmentCharges,Assets,AssetsCurrent,CapitalUnitsAuthorized,Cash,CashCashEquivalentsRestrictedCashAndRestrictedCashEquivalentsIncludingDisposalGroupAndDiscontinuedOperations,CashCashEquivalentsRestrictedCashAndRestrictedCashEquivalentsPeriodIncreaseDecreaseIncludingExchangeRateEffect,ClassOfWarrantOrRightExercisePriceOfWarrantsOrRights1,ClassOfWarrantOrRightNumberOfSecuritiesCalledByWarrantsOrRights,CommonStockParOrStatedValuePerShare,CommonStockSharesAuthorized,CommonStockSharesIssued,CommonStockSharesOutstanding,CommonStockValue,ContractWithCustomerLiabilityCurrent,ConvertibleNotesPayableCurrent,CostOfRevenue,DebtInstrumentDecreaseForgiveness,DebtInstrumentUnamortizedDiscount,DebtInstrumentUnamortizedDiscountCurrent,DebtInstrumentUnamortizedDiscountNoncurrent,DeferredCosts,DeferredOfferingCosts,DeferredTaxAssetsGross,DeferredTaxAssetsOperatingLossCarryforwards,DeferredTaxAssetsTaxDeferredExpenseReservesAndAccrualsLossReserves,DeferredTaxAssetsValuationAllowance,DepositAssets,DepositsAssetsNoncurrent,Depreciation,DepreciationDepletionAndAmortization,DueToRelatedPartiesCurrent,EarningsPerShareBasic,EarningsPerShareDiluted,EffectiveIncomeTaxRateContinuingOperations,EffectiveIncomeTaxRateReconciliationAtFederalStatutoryIncomeTaxRate,EffectiveIncomeTaxRateReconciliationChangeInDeferredTaxAssetsValuationAllowance,EffectiveIncomeTaxRateReconciliationChangeInEnactedTaxRate,EffectiveIncomeTaxRateReconciliationOtherAdjustments,EffectiveIncomeTaxRateReconciliationStateAndLocalIncomeTaxes,FairValueAdjustmentOfWarrants,FinanceLeaseInterestExpense,FinanceLeaseLiability,FinanceLeaseLiabilityCurrent,FinanceLeaseLiabilityNoncurrent,FinanceLeaseLiabilityPaymentsDue,FinanceLeaseLiabilityPaymentsDueNextTwelveMonths,FinanceLeaseLiabilityPaymentsDueYearFour,FinanceLeaseLiabilityPaymentsDueYearThree,FinanceLeaseLiabilityPaymentsDueYearTwo,FinanceLeaseLiabilityUndiscountedExcessAmount,FinanceLeasePrincipalPayments,FinanceLeaseRightOfUseAsset,FinanceLeaseRightOfUseAssetAmortization,FinanceLeaseWeightedAverageDiscountRatePercent,GainLossOnDispositionOfAssets1,GainsLossesOnExtinguishmentOfDebt,GeneralAndAdministrativeExpense,GrossProfit,ImpairmentOfLongLivedAssetsToBeDisposedOf,IncomeTaxReconciliationChangeInDeferredTaxAssetsValuationAllowance,IncomeTaxReconciliationIncomeTaxExpenseBenefitAtFederalStatutoryIncomeTaxRate,IncomeTaxReconciliationOtherAdjustments,IncomeTaxReconciliationStateAndLocalIncomeTaxes,IncreaseDecreaseInAccountsPayable,IncreaseDecreaseInAccountsReceivable,IncreaseDecreaseInAccruedLiabilities,IncreaseDecreaseInContractWithCustomerLiability,IncreaseDecreaseInOperatingLeaseLiability,IncreaseDecreaseInOtherCurrentAssets,IncreaseDecreaseInPrepaidDeferredExpenseAndOtherAssets,IncreaseDecreaseInPrepaidExpense,InterestAndDebtExpense,InterestPaidNet,IssuanceOfStockAndWarrantsForServicesOrClaims,LesseeOperatingLeaseLiabilityUndiscountedExcessAmount,LessorOperatingLeasePaymentsToBeReceived,LessorOperatingLeasePaymentsToBeReceivedNextTwelveMonths,LessorOperatingLeasePaymentsToBeReceivedTwoYears,Liabilities,LiabilitiesAndStockholdersEquity,LiabilitiesCurrent,LongTermDebt,LongTermDebtMaturitiesRepaymentsOfPrincipalAfterYearFive,LongTermDebtMaturitiesRepaymentsOfPrincipalInNextTwelveMonths,LongTermDebtMaturitiesRepaymentsOfPrincipalInYearFive,LongTermDebtMaturitiesRepaymentsOfPrincipalInYearFour,LongTermDebtMaturitiesRepaymentsOfPrincipalInYearThree,LongTermDebtMaturitiesRepaymentsOfPrincipalInYearTwo,LongTermNotesPayable,NetCashProvidedByUsedInFinancingActivities,NetCashProvidedByUsedInInvestingActivities,NetCashProvidedByUsedInOperatingActivities,NetIncomeLoss,NonoperatingIncomeExpense,NotesPayable,NotesPayableCurrent,NotesPayableRelatedPartiesClassifiedCurrent,OperatingExpenses,OperatingIncomeLoss,OperatingLeaseCost,OperatingLeaseExpense,OperatingLeaseLiability,OperatingLeaseLiabilityCurrent,OperatingLeaseLiabilityNoncurrent,OperatingLeasePayments,OperatingLeaseRightOfUseAsset,OperatingLeaseWeightedAverageDiscountRatePercent,OperatingLossCarryforwards,OperatingLossCarryforwardsValuationAllowance,OtherAssets,OtherAssetsNoncurrent,OtherIncome,OtherNoncashExpense,PaymentsForRepurchaseOfInitialPublicOffering,PaymentsOfDebtIssuanceCosts,PaymentsToAcquireOtherProductiveAssets,PaymentsToAcquirePropertyPlantAndEquipment,PreferredStockParOrStatedValuePerShare,PreferredStockSharesAuthorized,PreferredStockSharesIssued,PreferredStockSharesOutstanding,PrepaidExpenseCurrent,ProceedsFromConvertibleDebt,ProceedsFromIssuanceOfCommonStock,ProceedsFromIssuanceOfDebt,ProceedsFromNotesPayable,ProceedsFromRelatedPartyDebt,ProceedsFromStockOptionsExercised,PropertyPlantAndEquipmentGross,PropertyPlantAndEquipmentNet,RepaymentsOfDebtAndCapitalLeaseObligations,RepaymentsOfNotesPayable,RepaymentsOfRelatedPartyDebt,ResearchAndDevelopmentExpense,RetainedEarningsAccumulatedDeficit,RevenueFromContractWithCustomerExcludingAssessedTax,SellingAndMarketingExpense,ShareBasedCompensationArrangementByShareBasedPaymentAwardFairValueAssumptionsExpectedDividendRate,ShareBasedCompensationArrangementByShareBasedPaymentAwardFairValueAssumptionsExpectedVolatilityRate,ShareBasedCompensationArrangementByShareBasedPaymentAwardFairValueAssumptionsExpectedVolatilityRateMaximum,ShareBasedCompensationArrangementByShareBasedPaymentAwardFairValueAssumptionsExpectedVolatilityRateMinimum,ShareBasedCompensationArrangementByShareBasedPaymentAwardFairValueAssumptionsRiskFreeInterestRateMaximum,ShareBasedCompensationArrangementByShareBasedPaymentAwardFairValueAssumptionsRiskFreeInterestRateMinimum,ShareBasedCompensationArrangementByShareBasedPaymentAwardNonOptionEquityInstrumentsGranted,ShareBasedCompensationArrangementByShareBasedPaymentAwardNonOptionEquityInstrumentsOutstandingNumber,ShareBasedCompensationArrangementByShareBasedPaymentAwardOptionsExercisableNumber,ShareBasedCompensationArrangementByShareBasedPaymentAwardOptionsExercisableWeightedAverageExercisePrice,ShareBasedCompensationArrangementByShareBasedPaymentAwardOptionsForfeituresInPeriod,ShareBasedCompensationArrangementByShareBasedPaymentAwardOptionsGrantsInPeriod,ShareBasedCompensationArrangementByShareBasedPaymentAwardOptionsOutstandingIntrinsicValue,ShareBasedCompensationArrangementByShareBasedPaymentAwardOptionsOutstandingNumber,ShareBasedCompensationArrangementByShareBasedPaymentAwardOptionsOutstandingWeightedAverageExercisePrice,ShareBasedCompensationArrangementsByShareBasedPaymentAwardOptionsForfeituresInPeriodWeightedAverageExercisePrice,ShareBasedCompensationArrangementsByShareBasedPaymentAwardOptionsGrantsInPeriodWeightedAverageExercisePrice,ShareBasedCompensationSharesAuthorizedUnderStockOptionPlansExercisePriceRangeNumberOfExercisableOptions,ShareBasedCompensationSharesAuthorizedUnderStockOptionPlansExercisePriceRangeNumberOfOutstandingOptions,SharebasedCompensationArrangementBySharebasedPaymentAwardOptionsExercisableIntrinsicValue1,SharebasedCompensationArrangementBySharebasedPaymentAwardOptionsVestedWeightedAverageGrantDateFairValue,StockholdersEquity,StockIssuedDuringPeriodSharesNewIssues,StockIssuedDuringPeriodValueConversionOfConvertibleSecurities,StockIssuedDuringPeriodValueIssuedForServices,StockIssuedDuringPeriodValueNewIssues,StockIssuedDuringPeriodValueOther,StockIssuedDuringPeriodValueStockOptionsExercised,StockOptionPlanExpense,TemporaryEquityCarryingAmountAttributableToParent,TemporaryEquityParOrStatedValuePerShare,TemporaryEquitySharesAuthorized,TemporaryEquitySharesIssued,TemporaryEquitySharesOutstanding,ValuationAllowanceDeferredTaxAssetChangeInAmount,WeightedAverageNumberOfDilutedSharesOutstanding,WeightedAverageNumberOfSharesOutstandingBasic
2019-09-30,2019-12-23,10-Q,"EVMO, INC.",YAYO,CIK0001691077,USD,325928.0,,,78643.0,770084.0,1165.0,19867551.0,,,,,,,,,,,4491215.0,267489.0,100000000.0,81340.0,81340.0,,,,0.0,90000000.0,26802803.0,26802803.0,27.0,,,1067373.0,,,42351.0,,93000.0,,,,,,,,,,160334.0,-0.01,-0.01,,,,,,,,,2505411.0,1358002.0,1147409.0,,,,,,,,4125845.0,,0.05,,,761151.0,651066.0,,,,,,,,,,,,,,180531.0,,,,,,,7232901.0,4491215.0,6085492.0,,,,,,,,,,,,-370655.0,-180531.0,3631478.0,3631478.0,880000.0,841190.0,-190124.0,,,,,,,,,,,,,,,,,,,0.0,10000000.0,,,107506.0,,,,,,,6046.0,4881.0,,,,,-22609264.0,1718439.0,80039.0,,,,,,,,1500000.0,300000.0,8.0,,,,300000.0,8.0,,,300000.0,300000.0,,,-2741686.0,,,,,,,,,,,,,,26802803.0,26802803.0
2019-12-31,2020-03-31,10-K,"EVMO, INC.",YAYO,CIK0001691077,USD,545254.0,394183.0,394183.0,59331.0,405977.0,2651.0,28735894.0,,-1631655.0,,,765441.0,,39922.0,,1931250.0,,7203182.0,2098660.0,100000000.0,1256429.0,1256429.0,978985.0,5.0,131250.0,0.0,90000000.0,29427803.0,29427803.0,29.0,,,4673870.0,,,32289.0,,,,2579418.0,2419531.0,372840.0,2579418.0,164080.0,164080.0,993531.0,995228.0,394183.0,-0.14,-0.14,0.0,0.21,-0.298,0.21,0.018,0.07,,,2400565.0,1416446.0,984119.0,2532655.0,1511672.0,,163630.0,857353.0,132090.0,1780043.0,,,,,-252900.0,4023921.0,2241040.0,,1169870.0,-825346.0,-69409.0,-275115.0,-174132.0,59331.0,333411.0,,,200000.0,,674000.0,1115499.0,1105049.0,,,,,,3639174.0,7203182.0,2655055.0,,,,,,,,,4784288.0,-389080.0,-3416223.0,-3930221.0,-1115499.0,287378.0,287378.0,0.0,5055762.0,-2814722.0,,,,,,,,,8600000.0,2549418.0,200000.0,200000.0,,,,,225000.0,,0.0,10000000.0,,,782900.0,,10500000.0,,2009300.0,,,6046.0,3395.0,1780043.0,4379814.0,,13500.0,-25171915.0,6914910.0,765441.0,,,,,,,131250.0,1631250.0,300000.0,8.0,,,,300000.0,8.0,,,300000.0,300000.0,,,3564008.0,,674400.0,,,,,,,,,,,1081921.0,27112557.0,27112557.0
2020-03-31,2020-05-18,10-Q,"EVMO, INC.",YAYO,CIK0001691077,USD,1075228.0,529649.0,,37839.0,257761.0,2953.0,29193136.0,,,457242.0,,131509.0,,9953.0,,2347250.0,,7915417.0,843858.0,100000000.0,37579.0,37579.0,-1218850.0,,,0.0,90000000.0,29427803.0,29427803.0,29.0,,,1401291.0,,,22336.0,,,,,,,,35537.0,,302.0,314785.0,324920.0,-0.06,-0.06,,,,,,,,,4025067.0,1715134.0,2309933.0,4362913.0,1906408.0,,1185942.0,1270563.0,337846.0,621783.0,,,,,,1896206.0,346351.0,,,,,,529974.0,-21492.0,-148216.0,,,,,-14460.0,79856.0,69903.0,,,,,,5655387.0,7915417.0,3345454.0,,,,,,,,,-621783.0,-35537.0,-561530.0,-1761220.0,-79856.0,297331.0,297331.0,,2027715.0,-1681364.0,,,,,,,,,,,200000.0,,,,,,,,0.0,10000000.0,,,768440.0,,,,,,,6046.0,3093.0,621783.0,,,,-26933135.0,1747642.0,131509.0,,,,,,,,1631250.0,716000.0,5.68,1084000.0,1500000.0,,716000.0,5.68,4.0,4.0,716000.0,716000.0,,,2260030.0,,,,,,,457242.0,,,,,,,29427803.0,29427803.0
2020-06-30,2020-08-06,10-Q,"EVMO, INC.",YAYO,CIK0001691077,USD,1334521.0,526076.0,324920.0,43562.0,365793.0,3395.0,29468133.0,,,,,,,,,,,7261846.0,696206.0,100000000.0,103240.0,103240.0,,,,0.0,90000000.0,31981374.0,31981374.0,32.0,,,1295059.0,,,12383.0,,,,,,,,,,,,,-0.02,-0.02,,,,,,,,,3099385.0,1640899.0,1458486.0,3360788.0,1807191.0,,693016.0,860581.0,261403.0,,,,,,,861410.0,285496.0,,,,,,,,,,,,,,67795.0,,,,,,,5449658.0,7261846.0,3841272.0,,,,,,,,149900.0,,,,-722842.0,-67795.0,649959.0,500059.0,,940543.0,-655047.0,,,,,,,,,,,200000.0,,,,,,,,0.0,10000000.0,,,549404.0,,,,,,,6046.0,2651.0,,,,,-27655977.0,1580555.0,79133.0,,,,,,,,1631250.0,716000.0,5.68,,,,716000.0,5.68,,,716000.0,716000.0,,,1812188.0,,,,275000.0,,,,,,,,,,31064184.0,31064184.0
2020-09-30,2020-11-12,10-Q,"EVMO, INC.",YAYO,CIK0001691077,USD,1453305.0,692386.0,324920.0,53338.0,432815.0,3766.0,29708377.0,,,240244.0,,,,,,,,7912612.0,570043.0,100000000.0,84732.0,84732.0,,,,0.0,90000000.0,31981374.0,31981374.0,32.0,,,1194957.0,,,4570.0,,,,,,,,,,,,50000.0,-0.01,-0.01,,,,,,,,,3667772.0,1689534.0,1978238.0,3931345.0,1844204.0,488362.0,472290.0,1126489.0,263573.0,,,,,,,1088152.0,875864.0,,,,,,,,,,,,,,65292.0,,,,,,,6251664.0,7912612.0,4123526.0,,,,,,,,149900.0,,,,-391484.0,-65292.0,647772.0,497872.0,,1202056.0,-326192.0,,,,,,,,,,,,200000.0,,,,,,,0.0,10000000.0,,,431973.0,,,,,,,6046.0,2280.0,,,,,-28047461.0,2070821.0,113904.0,,,,,,,,1631250.0,1853458.0,2.32,,,,3221000.0,1.43,,,1853458.0,3221000.0,,,1660948.0,,,,,,,,,,,,,,31981374.0,31981374.0
2020-12-31,2021-03-31,10-K,"EVMO, INC.",YAYO,CIK0001691077,USD,1157299.0,590176.0,,119239.0,961704.0,4138.0,29750864.0,,,739973.0,,490403.0,,30316.0,,4171250.0,,6614331.0,215990.0,100000000.0,72890.0,72890.0,-1183539.0,,,1e-06,90000000.0,31981374.0,31981374.0,32.0,150000.0,,5263474.0,184775.0,,1973.0,0.0,,,3224084.0,3173878.0,,3224084.0,,,1434896.0,1436383.0,100000.0,-0.11,-0.11,0.0,0.21,-0.184,,-0.096,0.07,,,2352878.0,1426425.0,926453.0,2510946.0,1531108.0,,210219.0,769619.0,158068.0,2422451.0,,,,,,5288316.0,2357706.0,,644665.0,-735436.0,335916.0,-245145.0,612045.0,59908.0,555727.0,150000.0,,,,-759039.0,265839.0,185224.0,,,,,,5537427.0,6614331.0,4461560.0,817519.0,136417.0,668105.0,3422.0,3296.0,3175.0,3104.0,149414.0,-1720262.0,,536723.0,-3502077.0,-81064.0,815546.0,666132.0,,5778719.0,-3421013.0,,,,,,,,,11300000.0,,,200000.0,,,,,,,1e-06,10000000.0,0.0,0.0,23861.0,,275000.0,,342675.0,250000.0,,6046.0,1908.0,2422451.0,15486.0,150000.0,,-28673992.0,7621180.0,490403.0,0.0,,2.12,1.95,0.0159,0.0028,,1631250.0,1162875.0,0.22,1800000.0,4040000.0,1074245.0,2540000.0,0.22,4.67,1.62,1162875.0,2540000.0,491821.0,0.211,1076904.0,,,,275000.0,,,739973.0,,1e-06,230550.0,,,644665.0,31118425.0,31118425.0
2021-03-31,2021-05-17,10-Q,"EVMO, INC.",YAYO,CIK0001691077,USD,1150690.0,110762.0,,41635.0,253928.0,4964.0,34885638.0,30000.0,,193587.0,,165748.0,,31789.0,1789.0,3386250.0,,9523702.0,252787.0,100000000.0,155476.0,155476.0,82586.0,,,1e-06,90000000.0,35127524.0,35127524.0,35.0,275000.0,,1780903.0,8000.0,,184.0,,,,,,,,,,826.0,463251.0,569281.0,-0.13,-0.13,,,,,,,,,4440434.0,2091533.0,2348901.0,4743199.0,2271153.0,,1011377.0,1460669.0,302765.0,961705.0,,,,,,1439101.0,513629.0,,,,,,402141.0,-77604.0,-12776.0,125000.0,-6654.0,,,31815.0,3324943.0,51114.0,,37733.0,289300.0,157800.0,131500.0,7729684.0,9523702.0,5108475.0,,,,,,,,149414.0,52425.0,-47051.0,77212.0,-4417663.0,-3316943.0,788784.0,639370.0,,1614349.0,-1100720.0,13150.0,25204.0,251567.0,128673.0,122894.0,18708.0,239513.0,0.15,,,,200000.0,,,,,47051.0,,1e-06,10000000.0,,,55676.0,500000.0,50000.0,,,503766.0,15400.0,53097.0,48133.0,961705.0,20551.0,34485.0,9500.0,-33091655.0,2294532.0,165748.0,,,,,,,,1631250.0,,,,,,,,,,899250.0,1755000.0,,,1794018.0,,500000.0,,50000.0,1103750.0,15400.0,193587.0,,,,,,,33383431.0,33383431.0
2021-06-30,2021-08-16,10-Q,"EVMO, INC.",YAYO,CIK0001691077,USD,2274029.0,546746.0,,428623.0,103067.0,6626.0,36817909.0,810634.0,,104387.0,457417.0,,,,,,,9481957.0,1014673.0,100000000.0,162727.0,162727.0,,,,1e-06,90000000.0,35387524.0,35387524.0,35.0,,1146151.0,1915294.0,,,0.0,,,251918.0,,,,,,,,,,-0.05,-0.05,,,,,,,,,3087178.0,1532320.0,1554858.0,3303132.0,1663320.0,,540146.0,1099666.0,215954.0,,,,,,,1493494.0,736789.0,,,,,,,,,,,,,,964387.0,,,28676.0,249850.0,157800.0,92050.0,7592342.0,9481957.0,5801006.0,,,,,,,,148863.0,,,,-1836674.0,-964387.0,760743.0,611880.0,,1609076.0,-872287.0,,,221174.0,133559.0,87615.0,,210763.0,0.15,,,,200000.0,,,,,,,1e-06,10000000.0,0.0,0.0,171405.0,,,,,,,53097.0,46471.0,,,,50766.0,-34928329.0,2652083.0,64816.0,,,,,,,,2006250.0,,,,,,,,,,772500.0,1515000.0,,,1889615.0,,,,,,71700.0,,,,,,,,35333924.0,35333924.0
2021-09-30,2021-11-15,10-Q,"EVMO, INC.",YAYO,CIK0001691077,USD,2849876.0,670047.0,,635736.0,1097658.0,6626.0,38206344.0,,,58253.0,503690.0,,,,,,,15541474.0,4847770.0,100000000.0,3540212.0,3540212.0,,,,1e-06,90000000.0,35758149.0,35758149.0,36.0,,,2285878.0,,1316029.0,0.0,1316029.0,,479330.0,,,,,,,,,,-0.13,-0.13,,,,,,,,,4415870.0,1920254.0,2495616.0,4592659.0,2033761.0,,1058833.0,1500065.0,176789.0,,,,,,,3218912.0,438302.0,,,,,,,,,,,,,,2007194.0,,,20774.0,210400.0,157800.0,52600.0,14737001.0,15541474.0,6162643.0,,,,,,,,6027746.0,,,,-4777328.0,-1923653.0,6183971.0,156225.0,,3291977.0,-2853675.0,,,189626.0,138630.0,50996.0,,180860.0,0.15,,,,100000.0,83541.0,,,,,,1e-06,10000000.0,,,192492.0,,,,,,,53097.0,46471.0,,,,46500.0,-39705657.0,2724180.0,26565.0,,,,,,,,2737500.0,,,,,,,,,,413875.0,758125.0,,,-1499277.0,,,,,42018.0,5778.0,,2303750.0,1e-06,230550.0,230375.0,230375.0,,35715024.0,35715024.0
