end,filed,form,Name,Ticker,CIK,Currency,AccountsPayableRelatedPartiesCurrentAndNoncurrent,AccountsReceivableRelatedParties,AccruedFeesAndOtherRevenueReceivable,AccruedProfessionalFeesCurrentAndNoncurrent,AssetManagementCosts,Assets,Cash,CashAndCashEquivalentsAtCarryingValue,CashAndCashEquivalentsPeriodIncreaseDecrease,CashCashEquivalentsRestrictedCashAndRestrictedCashEquivalents,CashCashEquivalentsRestrictedCashAndRestrictedCashEquivalentsPeriodIncreaseDecreaseExcludingExchangeRateEffect,CashCashEquivalentsRestrictedCashAndRestrictedCashEquivalentsPeriodIncreaseDecreaseIncludingExchangeRateEffect,CommissionsPayableToBrokerDealersAndClearingOrganizations,DebtInstrumentCollateralAmount,Deposits,DepositsMoneyMarketDeposits,DividendIncomeOperating,DividendsReceivable,DueFromOfficersOrStockholders,DueToCorrespondentBrokers,DueToOfficersOrStockholdersCurrentAndNoncurrent,DueToRelatedPartiesCurrentAndNoncurrent,FloorBrokerageExchangeAndClearanceFees,GainLossOnSaleOfInvestments,GeneralPartnersCapitalAccount,IncreaseDecreaseDueFromOfficersAndStockholders,IncreaseDecreaseInAccountsPayableRelatedParties,IncreaseDecreaseInAccruedInterestReceivableNet,IncreaseDecreaseInAccruedLiabilities,IncreaseDecreaseInDividendsReceivable,IncreaseDecreaseInDueToOfficersAndStockholders,IncreaseDecreaseInFinancialInstrumentsUsedInOperatingActivities,IncreaseDecreaseInOtherAccountsPayable,IncreaseDecreaseInOtherOperatingAssets,IncreaseDecreaseInOtherOperatingLiabilities,IncreaseDecreaseInPayablesToBrokerDealers,IncreaseDecreaseInPrepaidExpense,IncreaseDecreaseInPrepaidInsurance,IncreaseDecreaseInTradingLiabilities,InterestIncomeOperating,InterestReceivable,InvestmentOwnedUnderlyingFaceAmountAtMarketValue,Liabilities,LiabilitiesAndStockholdersEquity,LicenseCosts,LimitedPartnersCapitalAccount,LimitedPartnersCapitalAccountUnitsOutstanding,LitigationSettlementInterest,LossContingencyDamagesAwardedValue,LossContingencyDamagesPaidValue,ManagementFeeExpense,ManagementFeePayable,MarketableSecuritiesRealizedGainLoss,NetCashProvidedByUsedInFinancingActivities,NetCashProvidedByUsedInFinancingActivitiesContinuingOperations,NetCashProvidedByUsedInOperatingActivities,NetCashProvidedByUsedInOperatingActivitiesContinuingOperations,NetIncomeLoss,NetIncomeLossNetOfTaxPerOutstandingLimitedPartnershipUnitDiluted,NetIncomeLossPerOutstandingLimitedPartnershipUnit,NetIncomeLossPerOutstandingLimitedPartnershipUnit,NetIncomeLossPerOutstandingLimitedPartnershipUnitBasicNetOfTax,NetIncomeLossPerOutstandingLimitedPartnershipUnitDiluted,NetIncomeLossPerOutstandingLimitedPartnershipUnitDiluted,NoninterestExpenseDirectorsFees,NoninterestExpenseTransferAgentAndCustodianFees,OperatingExpenses,OtherAssets,OtherExpenses,OtherGeneralExpense,OtherIncome,OtherLiabilities,PartnersCapital,PartnersCapitalAccountContributions,PartnersCapitalAccountRedemptions,PartnersCapitalAccountUnitsContributed,PartnersCapitalAccountUnitsRedeemed,PrepaidExpenseCurrentAndNoncurrent,PrepaidInsurance,ProceedsFromPartnershipContribution,ProfessionalFees,ReceivableFromShareholdersOrAffiliatesForIssuanceOfCapitalStock,RestrictedCashAndCashEquivalents,RestrictedCashAndInvestmentsCurrent,Revenues,TradingLiabilities,UnrealizedGainLossOnDerivativesAndCommodityContracts,UnrealizedGainLossOnInvestments,WeightedAverageLimitedPartnershipUnitsOutstanding
2008-12-31,2009-03-31,10-K,"United States Gasoline Fund, LP",UGA,CIK0001396878,USD,,,,,,,,11691510.0,,,,,,,,,,,,,,,,,,,,,,,,,,,,,,,,,,,,,,,,,,,,,,,,,,,,,,,,,,,,,,,,,20209419.0,,,,,,,,,,,,,,,,
2009-12-31,2010-03-16,10-K,"United States Gasoline Fund, LP",UGA,CIK0001396878,USD,,,,,376611.0,,,61883040.0,50191530.0,,,,,,,,90303.0,,,,,,74584.0,28570005.0,,130007.0,,,,-1383.0,,-5760280.0,199456.0,197365.0,3513.0,1300.0,,,,4378.0,,,,,,,,,,,,,,16396318.0,,33795212.0,,32580003.0,,16.2,,,15.72,,,,,,20816.0,,29000.0,,69185740.0,80148752.0,63752434.0,2900000.0,2000000.0,,,80148752.0,350250.0,,,,33145909.0,,4452223.0,4452223.0,2072603.0
2010-06-30,2010-08-09,10-Q,"United States Gasoline Fund, LP",UGA,CIK0001396878,USD,,,,,130042.0,,,66684909.0,,,,,,,,,8835.0,,,,,,21796.0,-8276155.0,,,,,,,,,,,,,,,,834.0,,,,,,,,,,,,,,,,,,-11334621.0,,-4.27,,,-4.63,,,,204959.0,,20610.0,,6000.0,,,,,,,,,,89350.0,,,,-11129662.0,,,-2869176.0,2446154.0
2010-09-30,2010-11-09,10-Q,"United States Gasoline Fund, LP",UGA,CIK0001396878,USD,,,,,103692.0,,,53092768.0,,,,,,,,,10397.0,,,,,,17100.0,-5156031.0,,,,,,,,,,,,,,,,418.0,,,,,,,,,,,,,,,,,,1157519.0,,0.32,,,0.56,,,,155468.0,,47954.0,,5000.0,,,,,,,,,,,,,,1312987.0,,,6453203.0,2071739.0
2010-12-31,2011-03-14,10-K,"United States Gasoline Fund, LP",UGA,CIK0001396878,USD,,,,,430968.0,67708353.0,2568893.0,61356629.0,-526411.0,,,,2185.0,,,,29792.0,1556.0,266884.0,,33078.0,,67294.0,9508139.0,,10529.0,,,,-1312.0,,1214332.0,24376.0,51610.0,-789.0,-515.0,,,,1940.0,,,413769.0,67708353.0,17153.0,67294584.0,1600000.0,,,,,,,-8177299.0,,7650888.0,,6286143.0,,5.65,,,3.1,,,,918084.0,248975.0,45196.0,280000.0,16000.0,3880.0,67294584.0,40505135.0,48682434.0,1100000.0,1400000.0,,,40505135.0,374626.0,,,,6937343.0,,-2618528.0,-2618528.0,2026027.0
2011-03-31,2011-05-10,10-Q,"United States Gasoline Fund, LP",UGA,CIK0001396878,USD,,,,,146832.0,,,134270171.0,72913542.0,,,,,,,,6264.0,,,,,,20949.0,15642359.0,,-205042.0,,,,1396.0,,11970044.0,-276076.0,1234.0,2742.0,1780.0,,,,643.0,,,,,,,,,,,,,,69469023.0,,3444519.0,,19599195.0,,8.38,,,9.01,,,,277898.0,,11567.0,,13000.0,,,,,,,,,69469023.0,98550.0,,,,,,4152985.0,4152985.0,2174444.0
2011-06-30,2011-08-09,10-Q,"United States Gasoline Fund, LP",UGA,CIK0001396878,USD,,,,,232951.0,140505114.0,16767925.0,120113401.0,,,,,3765.0,,,,3519.0,956.0,103249.0,,67348.0,5007974.0,24920.0,2534107.0,,,,,,,,,,,,,,,,979.0,,,5289051.0,140505114.0,,135216063.0,2700000.0,,,,,,,,,,,-1931254.0,,-0.36,,,-0.63,,,,373791.0,247657.0,16275.0,,9000.0,11737.0,135216063.0,,,,,,,,99645.0,,,,-1598870.0,32.0,,-4146475.0,3057143.0
2011-09-30,2011-11-09,10-Q,"United States Gasoline Fund, LP",UGA,CIK0001396878,USD,,,,,178606.0,101399029.0,22026483.0,86612466.0,,,,,3315.0,,,,1946.0,461.0,104053.0,,53342.0,13817503.0,20507.0,2779514.0,,,,,,,,,,,,,,,,1967.0,,,14123528.0,101399029.0,,87275501.0,1900000.0,,,,,,,,,,,-8328316.0,,-4.15,,,-3.54,,,,254872.0,243765.0,14196.0,,2450.0,249368.0,87275501.0,,,,,,,,41563.0,,,,-8074248.0,,,-10860125.0,2354348.0
2011-12-31,2012-03-08,10-K,"United States Gasoline Fund, LP",UGA,CIK0001396878,USD,,,,,675949.0,77673016.0,4461674.0,68137372.0,6780743.0,,,,3315.0,,35117696.0,37481350.0,13520.0,692.0,104053.0,,38635.0,,81427.0,13406173.0,,-162831.0,,26.0,,-864.0,,1892781.0,-134868.0,-9501.0,297.0,1130.0,,,33.0,5649.0,26.0,,285918.0,77673016.0,26907.0,77387098.0,1600000.0,,,,,,,-3879478.0,-3879478.0,10660221.0,10660221.0,18604359.0,6.07,8.75,,6.31,6.07,,,,1189263.0,239474.0,50778.0,250000.0,26200.0,4177.0,77387098.0,90155234.0,-94034712.0,1900000.0,1900000.0,,,90155234.0,239758.0,,4461674.0,,14915851.0,33.0,1464309.0,1464309.0,2303014.0
2012-03-31,2012-05-10,10-Q,"United States Gasoline Fund, LP",UGA,CIK0001396878,USD,,,,,172555.0,165152262.0,,145508214.0,77370842.0,,,,3388.0,,,,2463.0,1111.0,17456.0,,85647.0,,20097.0,22202880.0,,-86597.0,,76.0,,419.0,,17183315.0,-180350.0,6194.0,5689.0,73.0,,,-33.0,4523.0,102.0,,158309.0,165152262.0,4314.0,164993953.0,2900000.0,,,,,,,72632604.0,,4738238.0,,14974251.0,,8.52,8.52,8.52,7.1,7.1,,,263318.0,245668.0,8983.0,250000.0,5250.0,9866.0,164993953.0,81310937.0,8678333.0,1450000.0,150000.0,,,81310937.0,59408.0,,21644989.0,,,,-6995003.0,-6995003.0,2109341.0
2012-06-30,2012-08-09,10-Q,"United States Gasoline Fund, LP",UGA,CIK0001396878,USD,,,,,158288.0,80296684.0,11370482.0,68460710.0,,,,,2348.0,,32343458.0,47487734.0,4724.0,1463.0,37425.0,,38377.0,,17288.0,-18707753.0,,,,,,,,,,,,,,,,2173.0,,,165376.0,80296684.0,,80131308.0,1650000.0,,,,,,,,,,,-16473015.0,-8.16,-8.33,,-8.33,-8.16,,,,246651.0,240859.0,9391.0,,3500.0,5834.0,80131308.0,,,,,,,,59409.0,,,,,,,2451023.0,2018681.0
2012-09-30,2012-11-09,10-Q,"United States Gasoline Fund, LP",UGA,CIK0001396878,USD,,,,,121989.0,73010345.0,12014097.0,60947068.0,,,,,2348.0,,25470080.0,47491085.0,2968.0,1080.0,75028.0,,36018.0,5977257.0,14218.0,18656454.0,,,,,,,,,,,,,,,,3125.0,22.0,,6205942.0,73010345.0,,66804403.0,1100000.0,,,,,,,,,,,18039587.0,12.5,12.17,,12.17,12.5,,,,215972.0,233996.0,7711.0,,2100.0,4100.0,66804403.0,,,,,,,,67402.0,,,,,,,-446691.0,1442935.0
2012-12-31,2013-03-13,10-K,"United States Gasoline Fund, LP",UGA,CIK0001396878,USD,,,,,550046.0,64539315.0,5170139.0,56400613.0,-11736759.0,,,,2348.0,,14075770.0,47494982.0,14372.0,1399.0,139446.0,,32860.0,0.0,63245.0,17063315.0,0.0,35393.0,,-26.0,,707.0,-966.0,708465.0,,-20099.0,-1201.0,-967.0,-20913.0,,-33.0,11635.0,,,313827.0,64539315.0,13751.0,64225488.0,1100000.0,,,,,,,-27338762.0,-27338762.0,15602003.0,15602003.0,11813481.0,8.47,7.68,,7.68,8.47,,18888.0,20000.0,1159027.0,219375.0,53550.0,225000.0,12250.0,2976.0,64225488.0,87043567.0,114382329.0,1550000.0,2050000.0,,,87043567.0,275643.0,,,,14980190.0,,-2121382.0,-2121382.0,1672951.0
2013-03-31,2013-05-10,10-Q,"United States Gasoline Fund, LP",UGA,CIK0001396878,USD,,,,,93711.0,58598893.0,4875645.0,53825894.0,-2574719.0,,,,1423.0,,11206557.0,47494982.0,2828.0,937.0,44756.0,,30826.0,,9330.0,6835114.0,0.0,-94690.0,,0.0,,-462.0,,-294494.0,,-8328.0,40.0,-925.0,,,0.0,1391.0,,,103385.0,58598893.0,2343.0,58495508.0,950000.0,,,,,,,-9458214.0,-9458214.0,6883495.0,6883495.0,3728234.0,3.62,,3.18,3.18,,3.62,,20000.0,188826.0,211047.0,6211.0,,700.0,3016.0,58495508.0,,9458214.0,,150000.0,,,0.0,68120.0,,,,3872304.0,,-2967729.0,-2967729.0,1028889.0
2013-06-30,2013-08-09,10-Q,"United States Gasoline Fund, LP",UGA,CIK0001396878,USD,,,,,87362.0,57223582.0,6317644.0,53961954.0,,,,,1723.0,,17784615.0,42494983.0,2498.0,741.0,91408.0,,30103.0,2728850.0,10637.0,-3943212.0,0.0,,,,,,,,,,,,,,,1349.0,,,2900194.0,57223582.0,,54323388.0,1000000.0,,,,,,,,,,,-7060884.0,-6.82,,,-7.25,,,,,183346.0,198496.0,5333.0,,2450.0,2966.0,54323388.0,,,,,,,,68432.0,,,,-6924190.0,,,-2987275.0,1034615.0
2013-09-30,2013-11-12,10-Q,"United States Gasoline Fund, LP",UGA,CIK0001396878,USD,,,,,86656.0,50788451.0,4830667.0,47156459.0,,,,,1723.0,,9492143.0,42494983.0,2022.0,655.0,121746.0,,26043.0,,9866.0,952430.0,0.0,,,,,,,,,,,,,,,993.0,,,219196.0,50788451.0,,50569255.0,900000.0,,,,,,,,,,,2662100.0,2.78,,,1.87,,,,,165565.0,185103.0,5349.0,,1400.0,2893.0,50569255.0,,,,,,,,51985.0,,,,2797327.0,,,1840482.0,956522.0
2013-12-31,2014-03-10,10-K,"United States Gasoline Fund, LP",UGA,CIK0001396878,USD,,,0.0,225429.0,351177.0,57155002.0,2053484.0,52193157.0,-4207456.0,,,,1723.0,2053484.0,15751658.0,38494983.0,9198.0,628.0,137776.0,,28519.0,,39110.0,3496995.0,0.0,-1670.0,,0.0,,-771.0,1028.0,-3116655.0,,-47315.0,-160.0,-625.0,-46453.0,,0.0,5281.0,,,257831.0,57155002.0,8779.0,56897171.0,950000.0,,,,,,,,-10289064.0,,6081608.0,6592044.0,2.97,,,5.2,,,13365.0,20000.0,830889.0,172060.0,68597.0,225000.0,5600.0,2816.0,56897171.0,19597900.0,29886964.0,350000.0,500000.0,171146.0,,19597900.0,225429.0,0.0,,,7269127.0,,-9790.0,-9790.0,997123.0
2014-03-31,2014-05-12,10-Q,"United States Gasoline Fund, LP",UGA,CIK0001396878,USD,,,,,79265.0,50222056.0,4611809.0,44658923.0,-7534234.0,,,,1723.0,4611809.0,18275749.0,30994983.0,1749.0,596.0,16274.0,,27215.0,,9667.0,1037389.0,0.0,-121502.0,,,,-32.0,-4161.0,2558325.0,,-7180.0,15.0,0.0,-11454.0,,,2001.0,,,67859.0,50222056.0,1982.0,50154197.0,850000.0,,,,,,,,-5830392.0,,-1703842.0,-912582.0,-0.99,,,-0.89,,,3258.0,20000.0,141716.0,164880.0,5240.0,185000.0,700.0,2831.0,50154197.0,,5830392.0,,100000.0,,,0.0,36090.0,,,,-787140.0,,-1828979.0,-1828979.0,917222.0
2014-06-30,2014-08-11,10-Q,"United States Gasoline Fund, LP",UGA,CIK0001396878,USD,,,,72581.0,69839.0,44215334.0,3279258.0,40705393.0,,,,,1273.0,3279258.0,12989669.0,30994982.0,1680.0,572.0,37637.0,,21739.0,,7102.0,3975000.0,0.0,,,,,,,,,,,,,,,914.0,,,97970.0,44215334.0,1746.0,44117364.0,700000.0,,,,,,,,,,,3141041.0,4.11,,,4.02,,,3204.0,,129964.0,151902.0,4950.0,,1050.0,2377.0,44117364.0,,,,,,,,36491.0,,,,3249642.0,,,-729002.0,763736.0
2014-09-30,2014-11-10,10-Q,"United States Gasoline Fund, LP",UGA,CIK0001396878,USD,,,,77010.0,71065.0,51794711.0,2734210.0,50312319.0,,,,,1273.0,2734210.0,22051546.0,30994983.0,1698.0,572.0,68076.0,,25740.0,,8929.0,-5067119.0,0.0,,,,,,,,,,,,,,,1156.0,,,106185.0,51794711.0,1776.0,51688526.0,950000.0,,,,,,,,,,,-6637563.0,-8.14,,,-8.61,,,2973.0,,154487.0,138782.0,4749.0,,2450.0,2162.0,51688526.0,,,,,,,,58035.0,,,,-6561635.0,,,-1499820.0,815761.0
2014-12-31,2015-03-26,10-K,"United States Gasoline Fund, LP",UGA,CIK0001396878,USD,,673.0,350.0,125122.0,294290.0,40833631.0,6161581.0,35557290.0,-16635867.0,,,,1973.0,6161851.0,13694522.0,28024349.0,8021.0,968.0,134106.0,,22444.0,,38600.0,-21284156.0,0.0,-3670.0,0.0,0.0,,340.0,-415.0,4108097.0,,,,250.0,-46453.0,,0.0,5271.0,,,151487.0,40833631.0,7357.0,40682144.0,1200000.0,,,,,,,,9196442.0,,-25832309.0,-49792378.0,-30.23,,,-46.5,,,12396.0,20000.0,743629.0,,,164000.0,6650.0,,40682144.0,30932639.0,20046925.0,600000.0,350000.0,124693.0,,29243367.0,185801.0,1689272.0,,,-49297005.0,,-5433855.0,-5433855.0,896438.0
2015-03-31,2015-05-13,10-Q,"United States Gasoline Fund, LP",UGA,CIK0001396878,USD,,,0.0,48201.0,108033.0,90774797.0,5604233.0,82731912.0,47174622.0,,,,1973.0,5604233.0,63311796.0,25024349.0,2494.0,850.0,48719.0,,48415.0,,23331.0,-2665018.0,0.0,-85387.0,,,,-118.0,-2942.0,-557348.0,,,,,-11455.0,,,3105.0,,,101390.0,90774797.0,2701.0,90673407.0,2600000.0,,,,,,,,49360812.0,,-2186190.0,2319723.0,1.11,,,0.97,,,2717.0,20000.0,183759.0,,,,6650.0,,90673407.0,52773037.0,5101497.0,1550000.0,150000.0,113238.0,,54462309.0,35523.0,0.0,,,2454763.0,,5107532.0,5107532.0,2098333.0
2015-06-30,2015-08-12,10-Q,"United States Gasoline Fund, LP",UGA,CIK0001396878,USD,,,0.0,52255.0,152647.0,103347859.0,10421065.0,94245363.0,,,,,1973.0,10421065.0,79642079.0,25024349.0,2496.0,823.0,100557.0,,51892.0,,23539.0,20860371.0,0.0,,,,,,,,,,,,,,,9837.0,,49983689.0,110043.0,103347859.0,3816.0,103237816.0,2500000.0,,,,,,,,,,,16886559.0,6.49,,,6.43,,,2992.0,,242647.0,,,,700.0,,103237816.0,,,,,101657.0,,,48071.0,0.0,,,17077368.0,,,-3796036.0,2602747.0
2015-09-30,2015-11-13,10-Q,"United States Gasoline Fund, LP",UGA,CIK0001396878,USD,,,0.0,91891.0,123574.0,71288331.0,8931787.0,62253230.0,,,,,4073.0,8931787.0,69185017.0,2000000.0,1335.0,68.0,160282.0,,34710.0,,25482.0,-24265894.0,0.0,,,,,,,,,,,,,,,12325.0,,54992154.0,133878.0,71288331.0,3089.0,71154453.0,2250000.0,,,,,,,,,,,-23030119.0,-9.83,,,-9.68,,,2726.0,,214371.0,,,,1400.0,,71154453.0,,,,,89948.0,,,47791.0,0.0,,,-22875473.0,,,1375361.0,2341848.0
2015-12-31,2016-03-11,10-K,"United States Gasoline Fund, LP",UGA,CIK0001396878,USD,0.0,744.0,0.0,127940.0,494612.0,76350283.0,11076293.0,64443016.0,28885726.0,,,,4513.0,11076293.0,53519309.0,22000000.0,6657.0,200.0,224565.0,0.0,38046.0,,98827.0,-11985649.0,0.0,90459.0,0.0,0.0,,-768.0,-71.0,4914712.0,,,,2540.0,-46454.0,,,40432.0,,,173413.0,76350283.0,12365.0,76176870.0,2600000.0,,,,,,,46367178.0,46367178.0,-17481452.0,-17481452.0,-14542523.0,-3.88,,,-6.92,,,10840.0,20000.0,1044349.0,,,164000.0,10850.0,,76176870.0,66727593.0,22049687.0,2000000.0,600000.0,78239.0,,68416865.0,179466.0,0.0,,,-13787022.0,,3362528.0,3362528.0,2367260.0
2016-03-31,2016-05-04,10-Q,"United States Gasoline Fund, LP",UGA,CIK0001396878,USD,,3919.0,,60992.0,107719.0,80894897.0,7297632.0,74940701.0,10497685.0,,,,4513.0,7297632.0,60238333.0,22000000.0,13724.0,4472.0,66555.0,,40888.0,,28452.0,-6020582.0,0.0,-158010.0,0.0,,,4272.0,-3175.0,-3778661.0,,,,0.0,-11581.0,,,35590.0,,,109307.0,80894897.0,2693.0,80785590.0,3150000.0,,,,,,,,12722475.0,,-2224790.0,-8113755.0,-2.77,,,-3.65,,,2209.0,20000.0,199926.0,,,,3150.0,,80785590.0,12722475.0,,50000.0,,66658.0,,12722475.0,47271.0,,,,-7980384.0,,-2012266.0,-2012266.0,2928571.0
2016-06-30,2016-08-05,10-Q,"United States Gasoline Fund, LP",UGA,CIK0001396878,USD,,1351.0,350.0,49765.0,126414.0,80576875.0,10187654.0,65143968.0,,,,,4513.0,10187654.0,53331622.0,22000000.0,15286.0,4886.0,125037.0,,40455.0,,25577.0,-1239887.0,0.0,,,,,,,,,,,,,,,54750.0,,,98114.0,80576875.0,3161.0,80478761.0,3100000.0,,,,,,,,,,,1226777.0,0.39,,,0.31,,,3774.0,,217778.0,,,,2450.0,,80478761.0,,,,,55076.0,,,47271.0,3990119.0,,,1386073.0,,,2553474.0,3130769.0
2016-09-30,2016-11-07,10-Q,"United States Gasoline Fund, LP",UGA,CIK0001396878,USD,,505.0,,103503.0,106166.0,70543204.0,9992983.0,56550810.0,,,,,4513.0,9992983.0,53543793.0,13000000.0,12436.0,3298.0,200081.0,1077221.0,32740.0,,25981.0,1604088.0,0.0,,,,,,,,,,,,,,,50661.0,,,1220852.0,70543204.0,2654.0,69322352.0,2500000.0,,,,,,,,,,,4221704.0,1.47,,,1.77,,,2201.0,,207751.0,,,,3500.0,,69322352.0,,,,,43367.0,,,59040.0,,,,4354411.0,,,2683726.0,2879348.0
2016-12-31,2017-03-10,10-K,"United States Gasoline Fund, LP",UGA,CIK0001396878,USD,446.0,0.0,0.0,155334.0,442079.0,70781713.0,2277668.0,64219425.0,-9022216.0,66497093.0,,,4513.0,2277668.0,56497093.0,10000000.0,50717.0,2915.0,269909.0,0.0,34123.0,,101289.0,1965852.0,0.0,45344.0,446.0,0.0,,2715.0,744.0,-8798625.0,,,,0.0,-46581.0,,,195116.0,0.0,,197149.0,70781713.0,11052.0,70584564.0,2250000.0,,,,442079.0,,0.0,-10715504.0,-10715504.0,1693288.0,10491913.0,12911670.0,1.81,,,5.71,,,10319.0,20000.0,1019561.0,,,178000.0,11200.0,,70584564.0,29027170.0,39742674.0,1200000.0,1550000.0,31658.0,,29027170.0,211188.0,,,,13591494.0,,3452912.0,3452912.0,2835519.0
2017-03-31,2017-05-05,10-Q,"United States Gasoline Fund, LP",UGA,CIK0001396878,USD,0.0,1880.0,,124804.0,95265.0,64185576.0,4991157.0,55571432.0,-5934504.0,,,,2963.0,4991157.0,53562589.0,7000000.0,11597.0,3587.0,348557.0,1320490.0,30763.0,,16808.0,-8585002.0,0.0,78648.0,-446.0,0.0,,672.0,-1880.0,2713489.0,,,,-1550.0,-11454.0,,,72810.0,,,1480772.0,64185576.0,2382.0,62704804.0,2300000.0,,,,,,,1470945.0,1470945.0,-7405449.0,-10118938.0,-9350705.0,-4.09,,,-4.11,,,2069.0,20000.0,197728.0,,,,350.0,,62704804.0,1470945.0,,50000.0,,20204.0,,1470945.0,69750.0,,,,-9231624.0,,-731379.0,-731379.0,2287222.0
2017-06-30,2017-08-07,10-Q,"United States Gasoline Fund, LP",UGA,CIK0001396878,USD,0.0,1126.0,,62325.0,91198.0,63148020.0,6932752.0,53428459.0,,,,,2963.0,6932752.0,56861211.0,3500000.0,8029.0,2128.0,125145.0,,29693.0,,18386.0,-6221627.0,0.0,,,,,,,,,,,,,,,100479.0,,,96667.0,63148020.0,2280.0,63051353.0,2600000.0,,,,91198.0,,,,,,,-6825037.0,-2.83,,,-3.01,,,1949.0,,160495.0,,,,1050.0,,63051353.0,,,,,8622.0,,,35100.0,,,,-6711040.0,,,-598971.0,2414286.0
2017-09-30,2017-11-06,10-Q,"United States Gasoline Fund, LP",UGA,CIK0001396878,USD,0.0,136.0,350.0,123777.0,96439.0,58195464.0,6874539.0,52251001.0,,,,,2963.0,6874539.0,57625540.0,1500000.0,7550.0,2068.0,170025.0,,33199.0,,21352.0,13449792.0,0.0,,,,,,,,,,,,,,,146255.0,7378.0,,2995591.0,58195464.0,2411.0,55199873.0,1950000.0,,,,96439.0,,,,,,,9727638.0,4.09,,,4.06,,,2163.0,,165568.0,,,,4550.0,,55199873.0,,,,,0.0,,,31494.0,,,,9848326.0,,,-3759821.0,2376087.0
2017-12-31,2018-03-14,10-K,"United States Gasoline Fund, LP",UGA,CIK0001396878,USD,541.0,0.0,,170701.0,361298.0,48759489.0,3992699.0,41233887.0,-21270507.0,45226586.0,,,2963.0,3992699.0,42726586.0,2500000.0,31618.0,1962.0,231179.0,496140.0,25039.0,,71846.0,864192.0,0.0,-38730.0,14.0,994.0,,-953.0,0.0,1715031.0,,,,-1550.0,-31658.0,,,460679.0,994.0,,711557.0,48759489.0,9033.0,48047932.0,1500000.0,,,,361298.0,,0.0,-22770278.0,,1499771.0,,6915396.0,0.11,,,4.38,,,8185.0,20000.0,841813.0,,,170000.0,10150.0,,48047932.0,31756763.0,54527041.0,1150000.0,1900000.0,0.0,,31756763.0,185986.0,,,3992699.0,7464876.0,,-681370.0,-681370.0,2192877.0
2018-03-31,2018-05-10,10-Q,"United States Gasoline Fund, LP",UGA,CIK0001396878,USD,1132.0,,,134846.0,68934.0,46972078.0,6512507.0,38176808.0,-537271.0,,,,1713.0,6512507.0,42389315.0,2300000.0,7976.0,2897.0,284184.0,0.0,19967.0,,10484.0,1618743.0,0.0,53005.0,591.0,2162.0,,935.0,0.0,,,,,-1250.0,0.0,,,149573.0,3156.0,,185055.0,46972078.0,1723.0,46787023.0,1450000.0,,,,68934.0,,,-1645813.0,,1108542.0,,384904.0,0.26,,,0.24,,,1758.0,20000.0,139201.0,,,,1050.0,,46787023.0,1696237.0,3342050.0,50000.0,100000.0,,,1696237.0,44848.0,,,,471100.0,,-1306242.0,-1306242.0,1459444.0
2018-06-30,2018-08-08,10-Q,"United States Gasoline Fund, LP",UGA,CIK0001396878,USD,0.0,1200.0,,91817.0,,47532796.0,3988683.0,40390062.0,,44378745.0,,,1713.0,3988683.0,40078745.0,4300000.0,13947.0,6366.0,110231.0,655833.0,23374.0,,10969.0,1694557.0,0.0,,,,,,,,,,,,,,,179312.0,637.0,,811757.0,47532796.0,,46721039.0,1350000.0,,,,70413.0,,,,,,,2844669.0,2.03,,,2.34,,,1967.0,,135214.0,,,,1750.0,,46721039.0,,,,,,,,38522.0,,,,2932657.0,,,1043091.0,1400000.0
2018-09-30,2018-11-08,10-Q,"United States Gasoline Fund, LP",UGA,CIK0001396878,USD,2741.0,,,112525.0,,48926956.0,7812281.0,38080525.0,,45892806.0,,,1713.0,7812281.0,44222806.0,1670000.0,13453.0,2593.0,140754.0,0.0,19140.0,,10375.0,1886598.0,0.0,,,,,,,,,,,,,,,203575.0,4160.0,,186775.0,48926956.0,,48740181.0,1350000.0,,,,67321.0,,,,,,,1872251.0,1.43,,,1.49,,,2004.0,,124674.0,,,,1750.0,,48740181.0,,,,,,,,31582.0,,,7812281.0,1956402.0,,,-148974.0,1311957.0
2018-12-31,2019-03-26,10-K,"United States Gasoline Fund, LP",UGA,CIK0001396878,USD,274.0,0.0,,204679.0,,32054163.0,6786120.0,27466999.0,-10973467.0,34253119.0,-10973467.0,,1353.0,6786120.0,34253119.0,0.0,38339.0,0.0,188173.0,0.0,15836.0,,42294.0,-6219221.0,0.0,-43006.0,-104.0,-192.0,,-1962.0,0.0,,,,,-1610.0,0.0,,,724902.0,802.0,,223714.0,32054163.0,,31830449.0,1400000.0,,,,261469.0,1038.0,-420.0,-4753433.0,,-6220034.0,,-28029924.0,-8.43,,,-22.65,,,7560.0,20000.0,630931.0,,,150000.0,6650.0,,31830449.0,16294842.0,21048275.0,550000.0,650000.0,,764.0,16294842.0,197150.0,,,6786120.0,-27634585.0,,-5687463.0,-5687463.0,1360137.0
2019-03-31,2019-05-14,10-Q,"United States Gasoline Fund, LP",UGA,CIK0001396878,USD,1215.0,,,154321.0,,41849013.0,3968384.0,36813292.0,6528557.0,40781676.0,6528557.0,,1353.0,3968384.0,25781676.0,15000000.0,54572.0,32166.0,220666.0,400369.0,19429.0,,12092.0,6802984.0,0.0,32493.0,168.0,1549.0,,32166.0,,,,,,0.0,,,,163429.0,2351.0,,577596.0,41849013.0,,41271417.0,1400000.0,,,,58681.0,,0.0,-709264.0,,7237821.0,,10150232.0,6.74,,,6.74,,,1985.0,20000.0,105844.0,,,,1750.0,,41271417.0,5206294.0,5915558.0,200000.0,200000.0,,,5206294.0,31619.0,,,3968384.0,10223584.0,,3200849.0,3200849.0,1506111.0
2019-06-30,2019-08-13,10-Q,"United States Gasoline Fund, LP",UGA,CIK0001396878,USD,0.0,1543.0,,122041.0,,39993600.0,,31872753.0,,35865782.0,,,1353.0,3993029.0,25865782.0,10000000.0,78185.0,19185.0,230041.0,1030598.0,18106.0,,10009.0,-1127759.0,0.0,,,,,,,,,,,,,,,159712.0,1016.0,,1173068.0,39993600.0,,38820532.0,1250000.0,,,,60984.0,,0.0,,,,,2098838.0,1.58,,,1.58,,,1868.0,,85605.0,,,,1050.0,,38820532.0,,,7300000.0,150000.0,,,,11219.0,,,3993029.0,2175067.0,,,3063879.0,1326923.0
2019-09-30,2019-11-13,10-Q,"United States Gasoline Fund, LP",UGA,CIK0001396878,USD,,,,128288.0,,32206365.0,,26736396.0,,35333465.0,,,1353.0,8597069.0,29233465.0,6100000.0,40978.0,9740.0,53412.0,,15936.0,,9632.0,4601805.0,0.0,,,,,,,,,,,,,,,146394.0,2615.0,,1640057.0,32206365.0,,30566308.0,1050000.0,,,,51699.0,1173.0,,,,,,-2345536.0,-2.04,,,-1.95,,,2202.0,,76166.0,,,,1050.0,,30566308.0,,,,200000.0,,1891.0,,11341.0,,,8597069.0,-2280914.0,,,-7071141.0,1150000.0
2019-12-31,2020-03-20,10-K,"United States Gasoline Fund, LP",UGA,CIK0001396878,USD,,,,138727.0,,29761699.0,,26678989.0,-4578067.0,29675052.0,-4578067.0,,1353.0,2996063.0,25575052.0,4100000.0,199099.0,7719.0,66155.0,524417.0,16067.0,,41772.0,10449487.0,0.0,-122018.0,152.0,704.0,,7719.0,,,,,,0.0,0.0,,,588870.0,1506.0,,682416.0,29761699.0,,29079283.0,900000.0,,,,219691.0,1190.0,0.0,-16117585.0,,11539518.0,,16829304.0,10.69,,,12.77,,,8291.0,20000.0,413923.0,,,65000.0,4550.0,,29079283.0,5206294.0,21323879.0,200000.0,700000.0,,935.0,5206294.0,65523.0,,,2996063.0,17164329.0,,2399027.0,2399027.0,1250685.0
2020-03-31,2020-05-14,10-Q,"United States Gasoline Fund, LP",UGA,CIK0001396878,USD,,,,60738.0,,28668831.0,,14801908.0,,29045797.0,-629255.0,,2193.0,14243889.0,29045797.0,,4817.0,374.0,83805.0,0.0,10982.0,,13120.0,-20981974.0,0.0,17650.0,-338.0,-1499.0,,-7345.0,-2421.0,,,,,840.0,,,,94856.0,7.0,,75173.0,28668831.0,,28593658.0,2800000.0,,,,38071.0,852.0,7730.0,20905076.0,,-21534331.0,,-24047486.0,-21.79,,,-22.1,,,1877.0,20000.0,65240.0,,,,6300.0,,28593658.0,26891768.0,3329907.0,2050000.0,150000.0,,3356.0,24234983.0,11220.0,,,14243889.0,-23999896.0,,-3131625.0,-3131625.0,1103846.0
2020-06-30,2020-08-13,10-Q,"United States Gasoline Fund, LP",UGA,CIK0001396878,USD,,,,53627.0,,116291413.0,,92741914.0,,117484962.0,,,8493.0,24743048.0,24748175.0,92736787.0,26505.0,11717.0,87782.0,0.0,57095.0,,52231.0,43192695.0,0.0,,,,,,,,,,,,,,,43694.0,,,123617.0,116291413.0,,116167796.0,6150000.0,,,,120531.0,1114.0,0.0,,,,,44947758.0,8.69,,,8.68,,,2005.0,,220795.0,,,,9800.0,,116167796.0,,,5250000.0,1900000.0,,2518.0,,43015.0,,,24743048.0,45098421.0,,,1825727.0,5173626.0
2020-09-30,2020-11-13,10-Q,"United States Gasoline Fund, LP",UGA,CIK0001396878,USD,,,,87153.0,,82285283.0,,70906110.0,,81291200.0,,,8493.0,10385090.0,75788200.0,5503000.0,18561.0,926.0,143709.0,,44339.0,,40545.0,4794519.0,,,,,,,,,,,,,,,,9432.0,1362.0,,145547.0,82285283.0,,82139736.0,4100000.0,,,,155811.0,1391.0,,,,,,6774629.0,1.3,,,1.14,,,2328.0,,250690.0,,,,4900.0,,82139736.0,,,0.0,2050000.0,,1672.0,,48111.0,,,10385090.0,6969392.0,,,2141980.0,5210326.0
2020-12-31,2021-02-26,10-K,"United States Gasoline Fund, LP",UGA,CIK0001396878,USD,,,,117792.0,,81536106.0,,72554979.0,,79722412.0,50047360.0,,8231.0,7167433.0,74219412.0,5503000.0,50122.0,48.0,195888.0,0.0,39960.0,,137982.0,41204932.0,0.0,129733.0,-114.0,1218.0,,-7671.0,,,,,,6878.0,,,,155890.0,2724.0,,1377240.0,81536106.0,,80158866.0,3300000.0,,,,431847.0,1076.0,7730.0,9780012.0,,40267348.0,,57338181.0,11.14,,,-3.76,,,8237.0,,934669.0,,,146000.0,24150.0,,80158866.0,,,7900000.0,5500000.0,,826.0,105098000.0,146835.0,,,7167433.0,58024783.0,,1603526.0,1603526.0,3816849.0
2021-03-31,2021-05-07,10-Q,"United States Gasoline Fund, LP",UGA,CIK0001396878,USD,,,,64762.0,,110215562.0,,100502574.0,,115086437.0,35364025.0,,9924.0,14583863.0,28783437.0,86303000.0,1232.0,1130.0,35397.0,,58028.0,,26647.0,30354211.0,,-160491.0,322.0,-448.0,,1082.0,-19817.0,,,,,1693.0,,,,8971.0,2276.0,,138068.0,110215562.0,,110077494.0,3500000.0,,,,147238.0,1398.0,,5073721.0,,30290304.0,,23637937.0,6.97,,,7.16,,,2763.0,,219445.0,,,,1750.0,,110077494.0,,,300000.0,100000.0,,20643.0,9424176.0,39116.0,,,14583863.0,23821985.0,,-6544179.0,-6544179.0,3390556.0
2021-06-30,2021-08-06,10-Q,"United States Gasoline Fund, LP",UGA,CIK0001396878,USD,,,,82398.0,,120299224.0,,83913555.0,,115897640.0,,,11134.0,31984085.0,32144640.0,83753000.0,5907.0,1775.0,,,63588.0,,29534.0,6168506.0,,,,,,,,,,,,,,,,2048.0,617.0,,163705.0,120299224.0,,120135519.0,3350000.0,,,,177369.0,1866.0,,,,,,15221567.0,4.33,,,4.41,,,7267.0,,297117.0,,,,4900.0,,120135519.0,,,800000.0,950000.0,,15366.0,,78513.0,,,31984085.0,15495508.0,,,9314147.0,3511667.0
2021-09-30,2021-11-05,10-Q,"United States Gasoline Fund, LP",UGA,CIK0001396878,USD,,,,101346.0,,75139516.0,,41994224.0,,72832425.0,,,12467.0,30838201.0,34079425.0,38753000.0,3539.0,873.0,,,37783.0,,22920.0,7019783.0,,,,,,,,,,,,,,,,8328.0,2172.0,,156861.0,75139516.0,,74982655.0,1950000.0,,,,136971.0,1543.0,,,,,,4721655.0,1.9,,,2.59,,,7007.0,,223334.0,,,,3150.0,,74982655.0,,,0.0,1400000.0,,10031.0,,53012.0,,,30838201.0,4944989.0,,,-2089811.0,2479891.0
2021-12-31,2022-02-25,10-K,"United States Gasoline Fund, LP",UGA,CIK0001396878,USD,,,,141116.0,,80466432.0,,50117855.0,,76840846.0,-2881566.0,,14621.0,26722991.0,29087846.0,47753000.0,13752.0,948.0,0.0,,40160.0,,99596.0,47089661.0,0.0,-195888.0,399.0,-508.0,,900.0,,,,,,6390.0,,,,26084.0,2216.0,,8654710.0,80466432.0,,71811722.0,1750000.0,,,,590381.0,1475.0,0.0,-49357391.0,,46475825.0,,52933017.0,16.85,,,19.34,,,23962.0,,1154304.0,,,199000.0,12600.0,,71811722.0,,,1400000.0,2950000.0,,4696.0,49606639.0,218402.0,,,26722991.0,54028748.0,,2003518.0,2003518.0,2863425.0
