end,filed,form,Name,Ticker,CIK,Currency,AccountsPayableAndAccruedLiabilitiesCurrent,AccountsPayableAndOtherAccruedLiabilitiesCurrent,AccountsPayableCurrent,AccountsPayableCurrentAndNoncurrent,AccumulatedDepreciationDepletionAndAmortizationPropertyPlantAndEquipmentPeriodIncreaseDecrease,AdditionalPaidInCapital,AdditionalPaidInCapitalCommonStock,AdvancesOnInventoryPurchases,Assets,AssetsCurrent,AssetsNoncurrent,AssetsOfDisposalGroupIncludingDiscontinuedOperation,Cash,CashAndCashEquivalentsAtCarryingValue,CashAndCashEquivalentsPeriodIncreaseDecrease,CashPeriodIncreaseDecrease,CashProvidedByUsedInOperatingActivitiesDiscontinuedOperations,CommitmentsAndContingencies,CommonStockParOrStatedValuePerShare,CommonStockSharesAuthorized,CommonStockSharesIssued,CommonStockSharesOutstanding,CommonStockValue,CostOfGoodsSold,CurrentFederalTaxExpenseBenefit,CurrentIncomeTaxExpenseBenefit,CustomerAdvancesCurrent,DebtConversionConvertedInstrumentSharesIssued1,DebtConversionOriginalDebtAmount1,DebtInstrumentDecreaseForgiveness,DebtInstrumentIncreaseDecreaseOtherNet,DeferredTaxAssetsNet,DeferredTaxAssetsOperatingLossCarryforwards,DeferredTaxAssetsOperatingLossCarryforwardsDomestic,DeferredTaxAssetsValuationAllowance,Depreciation,DepreciationAndAmortization,DiscontinuedOperationIncomeLossFromDiscontinuedOperationBeforeIncomeTax,DiscontinuedOperationProvisionForLossGainOnDisposalBeforeIncomeTax,DisposalGroupIncludingDiscontinuedOperationAccruedLiabilities,DisposalGroupIncludingDiscontinuedOperationCostsOfGoodsSold,DisposalGroupIncludingDiscontinuedOperationGeneralAndAdministrativeExpense,DisposalGroupIncludingDiscontinuedOperationGrossProfitLoss,DisposalGroupIncludingDiscontinuedOperationOperatingExpense,DisposalGroupIncludingDiscontinuedOperationOperatingIncomeLoss,DisposalGroupIncludingDiscontinuedOperationOtherIncome,DisposalGroupIncludingDiscontinuedOperationRevenue,DueFromRelatedPartiesCurrent,DueToRelatedPartiesCurrent,DueToRelatedPartiesCurrentAndNoncurrent,EarningsPerShareBasicAndDiluted,EarningsPerShareDiluted,EffectiveIncomeTaxRateReconciliationAtFederalStatutoryIncomeTaxRate,GeneralAndAdministrativeExpense,GoodwillTransfers,GrossProfit,IncomeLossFromContinuingOperations,IncomeLossFromContinuingOperationsBeforeIncomeTaxesDomestic,IncomeLossFromContinuingOperationsBeforeIncomeTaxesExtraordinaryItemsNoncontrollingInterest,IncomeLossFromContinuingOperationsBeforeIncomeTaxesForeign,IncomeLossFromContinuingOperationsBeforeInterestExpenseInterestIncomeIncomeTaxesExtraordinaryItemsNoncontrollingInterestsNet,IncomeLossFromContinuingOperationsPerBasicAndDilutedShare,IncomeLossFromDiscontinuedOperationsNetOfTax,IncomeLossFromDiscontinuedOperationsNetOfTaxPerBasicAndDilutedShare,IncomeTaxExpenseBenefit,IncomeTaxesPaid,IncomeTaxReconciliationChangeInDeferredTaxAssetsValuationAllowance,IncomeTaxReconciliationIncomeTaxExpenseBenefitAtFederalStatutoryIncomeTaxRate,IncreaseDecreaseInAccountsPayable,IncreaseDecreaseInAccountsPayableTrade,IncreaseDecreaseInDueToAffiliates,IncreaseDecreaseInInventories,IncreaseDecreaseInOperatingAssets,IncreaseDecreaseInOtherAccountsPayable,IncreaseDecreaseInOtherAccountsPayableAndAccruedLiabilities,IncreaseDecreaseInOtherCurrentLiabilities,IncreaseDecreaseInPrepaidExpense,InterestPaid,InventoryNet,InventoryNoncurrent,LegalFees,Liabilities,LiabilitiesAndStockholdersEquity,LiabilitiesCurrent,LoansPayable,LoansPayableCurrent,NetCashProvidedByUsedInDiscontinuedOperations,NetCashProvidedByUsedInFinancingActivities,NetCashProvidedByUsedInInvestingActivities,NetCashProvidedByUsedInInvestingActivitiesContinuingOperations,NetCashProvidedByUsedInOperatingActivities,NetCashProvidedByUsedInOperatingActivitiesContinuingOperations,NetIncomeLoss,NoncashContributionExpense,NotesPayableCurrent,NotesPayableRelatedPartiesClassifiedCurrent,OperatingExpenses,OperatingIncomeLoss,OperatingLossCarryforwards,OtherAssetsNoncurrent,OtherExpenses,OtherGeneralExpense,OtherNoncashExpense,OtherNoncashIncome,OtherNoncashIncomeExpense,PaymentsToAcquirePropertyPlantAndEquipment,PrepaidExpenseCurrent,PrepaidExpenseCurrentAndNoncurrent,ProceedsFromCollectionOfLongtermLoansToRelatedParties,ProceedsFromContributionsFromAffiliates,ProceedsFromIssuanceOfCommonStock,ProceedsFromLoans,ProceedsFromNotesPayable,ProceedsFromPaymentsForLongTermLoansForRelatedParties,ProceedsFromRelatedPartyDebt,ProceedsFromRepaymentsOfDebt,ProceedsFromRepaymentsOfNotesPayable,ProfessionalFees,ProfitLoss,PropertyPlantAndEquipmentGross,RepaymentOfNotesReceivableFromRelatedParties,RetainedEarningsAccumulatedDeficit,Revenues,SalesRevenueGoodsNet,SellingGeneralAndAdministrativeExpense,SharesIssuedPricePerShare,StockholdersEquity,StockholdersEquityIncludingPortionAttributableToNoncontrollingInterest,StockIssued1,StockIssuedDuringPeriodSharesNewIssues,StockIssuedDuringPeriodSharesOther,StockIssuedDuringPeriodValueNewIssues,StockIssuedDuringPeriodValueOther,ValuationAllowancesAndReservesAdjustments,WeightedAverageNumberOfShareOutstandingBasicAndDiluted,WeightedAverageNumberOfSharesOutstandingBasicAndDiluted
2014-12-31,2015-02-11,10-Q,STAR WEALTH GROUP INC.,SWGI,CIK0001626696,USD,,,,,,,,,11167.0,1167.0,10000.0,,,1167.0,-6482.0,,,,,75000000.0,4000000.0,4000000.0,4000.0,0.0,,0.0,,,,,,,,,,,,,,,,,,,,,,,,,0.0,,,0.0,,0.0,,,,,,,,,,,,,,,,0.0,,,,,,,,,,14325.0,11167.0,,,14325.0,,0.0,0.0,,0.0,,-6482.0,,,,6482.0,-6482.0,,,,,,,,0.0,,,,0.0,0.0,,,,,0.0,,,-6482.0,10000.0,0.0,-7158.0,0.0,0.0,6482.0,,,-3158.0,,,,,,,,4000000.0
2015-03-31,2015-05-12,10-Q,STAR WEALTH GROUP INC.,SWGI,CIK0001626696,USD,,,1000.0,,,,20039.0,,13977.0,3977.0,10000.0,,3977.0,254.0,,,,,,75000000.0,6280000.0,6280000.0,6280.0,0.0,,0.0,,,,,,,,,,,,-1000.0,-1000.0,,,1000.0,,1000.0,,,,,,,0.0,,,19509.0,,0.0,-19509.0,,,-20509.0,,0.0,,0.0,,,,,,,,,,,,,,,,,,15325.0,13977.0,,,14325.0,,,,,,,-20509.0,,,,19509.0,-20509.0,,,,,,,,,,,,,,,,,,,,,,10000.0,,-27667.0,0.0,,20509.0,0.01,,-1348.0,,,,,,,4899722.0,4899722.0
2015-06-30,2015-07-21,10-Q,STAR WEALTH GROUP INC.,SWGI,CIK0001626696,USD,,,2600.0,,,,21479.0,,12854.0,2854.0,10000.0,,2854.0,2854.0,,,,,,75000000.0,6440000.0,6440000.0,6440.0,0.0,,,,,,,,,,,,0.0,,,-1500.0,,0.0,1500.0,0.0,1500.0,,0.0,0.0,,,,0.0,0.0,,2823.0,,0.0,-2823.0,,,-4323.0,,0.0,-1500.0,0.0,0.0,,,,,,,,,,,,,,,,,16925.0,12854.0,16925.0,,14325.0,,,,,,,-4323.0,,,,2823.0,-4323.0,,,,,,,,,,,,,,,,,,,,,,10000.0,,-31990.0,0.0,,4323.0,,,-4071.0,,,,,,,6436484.0,
2015-09-30,2015-12-28,10-K,STAR WEALTH GROUP INC.,SWGI,CIK0001626696,USD,,,6420.0,,,21479.0,21479.0,,10254.0,10254.0,10000.0,10000.0,254.0,254.0,-7395.0,-7395.0,,,0.001,75000000.0,6440000.0,6440000.0,6440.0,0.0,,,,,,,,0.0,38410.0,13059.0,-13059.0,0.0,,,-6420.0,6420.0,,6420.0,,-6420.0,,,,,14325.0,,-0.01,,,31314.0,,0.0,-31314.0,,,-37734.0,,-0.01,-6420.0,0.0,0.0,0.0,-12830.0,12830.0,6420.0,,,,,,,6420.0,,0.0,,,,20745.0,10254.0,20745.0,,14325.0,,23919.0,,,-31314.0,-31314.0,-37734.0,,,14325.0,31314.0,-37734.0,,0.0,,,,,,,,0.0,,,23919.0,,,,,0.0,,,-37734.0,10000.0,,-38410.0,0.0,0.0,37734.0,,-10491.0,-10491.0,,,,23919.0,,,5444315.0,
2015-12-31,2016-02-02,10-Q,STAR WEALTH GROUP INC.,SWGI,CIK0001626696,USD,,,7790.0,,,21479.0,21479.0,,10254.0,10254.0,9583.0,10000.0,30.0,254.0,-224.0,-224.0,5734.0,0.0,,75000000.0,6440000.0,6440000.0,6440.0,0.0,,,,,,0.0,,,,,,417.0,,,4357.0,6420.0,656.0,1787.0,6144.0,1787.0,,,6800.0,,,,0.0,,,6424.0,,0.0,-6424.0,,,-2067.0,,0.0,4357.0,0.0,0.0,0.0,-703.0,703.0,1370.0,,,-410.0,,,,1370.0,,0.0,410.0,0.0,,20745.0,10254.0,20745.0,,14791.0,0.0,466.0,0.0,0.0,-690.0,-6424.0,-2067.0,,,14325.0,6424.0,-2067.0,,-417.0,,,,,,,,0.0,,,466.0,466.0,,,,466.0,,,-2067.0,10000.0,,-38410.0,0.0,6800.0,8211.0,,-10491.0,-12558.0,,,,,,,6440000.0,
2016-03-31,2016-05-27,10-Q,STAR WEALTH GROUP INC.,SWGI,CIK0001626696,USD,,,,,,26208.0,,466.0,,,,,,,,,,,0.001,75000000.0,6440000.0,6440000.0,6440.0,0.0,,,,,,-8157.0,,0.0,32648.0,11100.0,-11100.0,327.0,,10446.0,10446.0,,-317.0,694.0,2983.0,-7463.0,,-8157.0,3300.0,,,,0.0,,,2617.0,,0.0,-2617.0,7829.0,,7829.0,,0.0,10446.0,0.0,,,,,,,,,,,,,,,,,,,,,,,,,,,,,7829.0,,,,2617.0,,,,,,,,,,,,,,,,,,,,,,,,,-32648.0,0.0,,,,,,,,,,,,6440000.0,
2016-06-30,2016-08-17,10-Q,STAR WEALTH GROUP INC.,SWGI,CIK0001626696,USD,,,,1490.0,,26208.0,,466.0,,,,,0.0,,,,,,0.001,75000000.0,6440000.0,6440000.0,6440.0,0.0,,,,,,,,0.0,66091.0,22471.0,-22471.0,327.0,,,0.0,,0.0,0.0,0.0,0.0,,0.0,0.0,,,,-0.01,,,33443.0,,0.0,-33443.0,,,-33443.0,,-0.01,0.0,0.0,0.0,,,,,,,,,,,,,,,,,33443.0,,33443.0,11326.0,,,,,,,,-33443.0,,11326.0,20627.0,33443.0,,,,,,,,,,,,,,,,,,,,,,,,,-66091.0,0.0,,,,-33443.0,,,,,,,,6440000.0,
2016-09-30,2016-12-23,10-K,STAR WEALTH GROUP INC.,SWGI,CIK0001626696,USD,200.0,200.0,,200.0,,26208.0,,466.0,9167.0,9167.0,,,,,,-254.0,8787.0,,0.001,75000000.0,6440000.0,6440000.0,6440.0,,,,,,,8157.0,,0.0,82502.0,28051.0,-28051.0,744.0,,,14803.0,,973.0,2481.0,9127.0,-5676.0,,-8157.0,10100.0,,58821.0,,-0.01,,,6996.0,10062.0,,-58895.0,-44092.0,,-44092.0,,-0.01,14803.0,0.0,0.0,0.0,-14991.0,14991.0,200.0,,,-340.0,,,,1737.0,-9167.0,0.0,,,,59021.0,9167.0,59021.0,,,,58821.0,,,-67862.0,-67862.0,-44092.0,4791.0,,58821.0,58895.0,,,,14803.0,,-10062.0,14791.0,466.0,,9167.0,9167.0,,,,,,58821.0,58821.0,,,51899.0,-44092.0,,,-82502.0,0.0,,,,-49854.0,-49854.0,,,,,,,6440000.0,
2016-12-31,2017-02-21,10-Q,STAR WEALTH GROUP INC.,SWGI,CIK0001626696,USD,,6481.0,,200.0,,26208.0,,,5833.0,5833.0,,,,,,,,0.0,0.001,75000000.0,6440000.0,6440000.0,6440.0,0.0,,,,,,0.0,,0.0,110217.0,37474.0,-37474.0,,,,,,,,,,,,,,18100.0,76921.0,0.0,,,4814.0,,0.0,-27715.0,-27715.0,,-27715.0,,0.0,,,0.0,0.0,-9423.0,9423.0,6281.0,,,,,,,,3334.0,0.0,,,,83402.0,5833.0,83402.0,,,0.0,18100.0,0.0,0.0,-18100.0,-18100.0,-27715.0,,,76921.0,27715.0,,,,,,,,,,5833.0,5833.0,,,,,,18100.0,18100.0,,,22900.0,-27715.0,,,-110217.0,0.0,,,,-77569.0,,,,,,,,6440000.0,
2017-03-31,2017-05-22,10-Q,STAR WEALTH GROUP INC.,SWGI,CIK0001626696,USD,300.0,,,,,26208.0,,,3333.0,3333.0,,,,,,,,,,,,,6440.0,,,,,,,,,,,,,,,,,,,,,,,,,,103552.0,,,,,22949.0,,,-22949.0,-22949.0,,,,0.0,,,,,,,,,,,,,,,,,,,,103852.0,3333.0,103852.0,,,,,,,,,-22949.0,,,,22949.0,,,,,,,,,,,3333.0,,,,,,,,,,22949.0,,,,-133167.0,,,,,-100519.0,,,,,,,,6440000.0,
2017-06-30,2017-08-11,10-Q,STAR WEALTH GROUP INC.,SWGI,CIK0001626696,USD,5000.0,,,,,119392.0,,,833.0,833.0,,,,,,,,,,,,,29737.0,,,,,,,,,,,,,,,,,,,,,,,,,,1200.0,,,,,21330.0,,,-21330.0,,,,,0.0,,,,,,,,,,,,,,,,,,,,,833.0,6200.0,,,,,,,,,-21330.0,,,,21330.0,,,,,,,,,,,833.0,,,,,,,,,,,,,,-154496.0,,,,,-5367.0,,,,,,,,13907805.0,
2017-09-30,2018-01-16,10-K,STAR WEALTH GROUP INC.,SWGI,CIK0001626696,USD,,,,5000.0,,119393.0,,116482.0,9167.0,9167.0,,,,0.0,,,,,,,,,29737.0,,,,9167.0,116482.0,,,,,,,,,,,,,,,,,,,,,24665.0,,,,,16161.0,,,-87126.0,-87126.0,,,,0.0,,,,,,,4800.0,,,,,,,,,,,,,,9167.0,29665.0,,,,82326.0,,,-82326.0,,-87126.0,,,,87126.0,,,,,,,,116482.0,,9167.0,,,,,,,-34156.0,,,,70965.0,-87126.0,,,-169628.0,,,,,-20498.0,,,,,,,,13890162.0,
2017-12-31,2018-04-11,10-Q,STAR WEALTH GROUP INC.,SWGI,CIK0001626696,USD,,,,16197.0,,119393.0,,,6666.0,6666.0,,,,,,,,,,,,,29737.0,,,,6666.0,,,,,,,,,,,,,,,,,,,,,,36910.0,,,,,3020.0,,,-25942.0,-25942.0,,,-25942.0,0.0,,,,,,,11196.0,,,,,,,,2501.0,,,,,,6666.0,53107.0,,,,12245.0,,,-12245.0,,-25942.0,,,,25942.0,,,,,,,,,,,,12245.0,,,,,12245.0,,,,22922.0,-25942.0,,,-195570.0,,,,,-46441.0,,,,,,,,6440000.0,
2018-03-31,2018-05-31,10-Q,STAR WEALTH GROUP INC.,SWGI,CIK0001626696,USD,,,,22367.0,,119393.0,,,4166.0,4166.0,,,,,,,,,,,,,29737.0,,,,,,,,,,,,,,,,,,,,,,,,,,40510.0,,,,,,,,-12270.0,-12270.0,,,,0.0,,,,,,,,,,,,,,,,,,,,,4166.0,62877.0,,,,,,,,,-12270.0,,,,12270.0,,,,,,,,,,4166.0,,,,,,,,,,,12270.0,,,,-207840.0,,,,,-58710.0,,,,,,,,29737000.0,
2018-06-30,2018-07-30,10-Q,STAR WEALTH GROUP INC.,SWGI,CIK0001626696,USD,,,,,,,,,,,,,,0.0,,,,,,,,,,,,,,,,,,,,,,,,,,,,,,,,,,,,,0.0,,,8420.0,,,,,-8420.0,,,,,,0.0,,,,,,,,,,,,,,,,,,,,,,,,,,,,,,,,8420.0,-8420.0,,,,,,,,,,,,,,,,,,,,0.0,-8420.0,,,,0.0,,,,-67130.0,,,,,,,,29737000.0,
2018-09-30,2019-01-14,10-K,STAR WEALTH GROUP INC.,SWGI,CIK0001626696,USD,,,1011.0,1011.0,,119393.0,,,13394.0,13394.0,,,0.0,0.0,,,,,0.001,75000000.0,29737000.0,29737000.0,29737.0,,12942.0,,,,,,,,48564.0,,48564.0,,10333.0,,,,,,,,,,,94509.0,94509.0,,0.0,,,10853.0,,,-61628.0,-61628.0,-61628.0,,,0.0,,,,,,,-3989.0,,,,,,,,-14560.0,,,,,,13394.0,95520.0,,,,69844.0,,,-69844.0,,-61628.0,,,,61628.0,-61628.0,231256.0,,,,,,,,13394.0,,,,,,,69844.0,69844.0,,,50775.0,-61628.0,,,-231256.0,,,,,-82126.0,,,,,,,12942.0,29737000.0,
2018-12-31,2019-02-21,10-Q,STAR WEALTH GROUP INC.,SWGI,CIK0001626696,USD,,,,461.0,,119393.0,,,7833.0,7833.0,,,,,,,,,,,,,29737.0,,,,,,,,,,,,,,,,,,,,,,,,,,105609.0,,0.0,,,3000.0,,,-16111.0,,-16111.0,,-16111.0,0.0,,,,,,,-550.0,,,,,,,,5561.0,,,,,,7833.0,106070.0,,,,11100.0,,,-11100.0,,-16111.0,,,,16111.0,-16111.0,,,,,,,,,7833.0,,11100.0,,,,,,11100.0,,,13111.0,-16111.0,,,-247367.0,,,,,-98237.0,,,,,,,,29737000.0,
2019-03-31,2019-05-15,10-Q,STAR WEALTH GROUP INC.,SWGI,CIK0001626696,USD,,,,1322.0,,119393.0,,,4833.0,4833.0,,,,,,,,,,,,,29737.0,,,,,,,,,,,,,,,,,,,,,,,,,,117483.0,,,,,650.0,,,-15735.0,-15735.0,,,,0.0,,,,,,,,,,,,,,,,,,,,,4833.0,118805.0,,,,,,,,,-15735.0,,,,15735.0,,,,,,,,,,4833.0,,,,,,,,,,,15085.0,,,,-263102.0,,,,,-113972.0,,,,,,,,29737000.0,
2019-06-30,2019-08-14,10-Q,STAR WEALTH GROUP INC.,SWGI,CIK0001626696,USD,,,0.0,,,197440.0,,,1833.0,1833.0,,,0.0,0.0,,,,,0.001,75000000.0,49248800.0,49248800.0,49249.0,,,,,,,,,,,,,,,,,,,,,,,,,23545.0,23545.0,,0.0,,,0.0,,,,,-5299.0,,,,,,0.0,,,,,,,,,,,,,,,,,,1833.0,23545.0,,,,,,,,,,,,,5299.0,-5299.0,,,,,,,,,1833.0,,,,,,,,,,,5299.0,-5299.0,,,-268401.0,0.0,,,,-21712.0,,,,,97559.0,,,47533477.0,
2019-09-30,2020-01-03,10-K,STAR WEALTH GROUP INC.,SWGI,CIK0001626696,USD,,,1339.0,,,197440.0,,,11000.0,11000.0,,,,,,,,,0.001,75000000.0,49248800.0,49248800.0,49249.0,,11604.0,,,,,,,,60168.0,,60168.0,,,,,,,,,,,,,,49484.0,,0.0,,,650.0,,,,,-55256.0,,,,,,,,,,328.0,,,,,,,,2394.0,,,,2561.0,,11000.0,50823.0,,,,52534.0,,,-52534.0,,-55256.0,,,,55256.0,-55256.0,286512.0,,,10833.0,,,,,11000.0,,,,,,,,52534.0,,,54606.0,,,,-286512.0,,,,,-39823.0,,,,,,97559.0,11604.0,39091973.0,
2019-12-31,2020-04-24,10-Q,STAR WEALTH GROUP INC.,SWGI,CIK0001626696,USD,,,2519.0,,,197440.0,,,8000.0,8000.0,,,,,,,,,0.001,75000000.0,49248800.0,49248800.0,49249.0,,,,,,,,,,,,,,,,,,,,,,,,,,49484.0,,0.0,,,3000.0,,,,,-4180.0,,,,,,,,,,1180.0,,,,,,,,3000.0,,,,,,8000.0,52003.0,,,,,,,,,-4180.0,,,,4180.0,-4180.0,,,,,,,,,8000.0,,,,,,,,,,,1180.0,-4180.0,,,-290692.0,,,,,-44003.0,,,,,,,,49248800.0,
