end,filed,form,Name,Ticker,CIK,Currency,AccountsPayableAndAccruedLiabilitiesCurrent,AccountsPayableCurrent,AccountsPayableTrade,AccountsPayableTradeCurrent,AccountsPayableTradeCurrentAndNoncurrent,AccountsReceivableNet,AccountsReceivableNetCurrent,AccruedLiabilitiesAndOtherLiabilities,AccruedLiabilitiesCurrent,AccumulatedOtherComprehensiveIncomeLossNetOfTax,AdditionalPaidInCapital,AllowanceForDoubtfulAccountsReceivableWriteOffs,Assets,AssetsCurrent,BuildingsAndImprovementsGross,Cash,CashAndCashEquivalentsAtCarryingValue,CashAndCashEquivalentsPeriodIncreaseDecrease,CashEquivalentsAtCarryingValue,CashFDICInsuredAmount,CashPeriodIncreaseDecrease,CommitmentsAndContingencies,CommonStockParOrStatedValuePerShare,CommonStockSharesAuthorized,CommonStockSharesIssued,CommonStockSharesOutstanding,CommonStockValue,ConvertibleDebtCurrent,ConvertibleNotesPayable,ConvertibleNotesPayableCurrent,CostOfRevenue,CostsAndExpenses,CustomerAdvancesCurrent,CustomerDepositsCurrent,DebtInstrumentCarryingAmount,DebtInstrumentDecreaseForgiveness,DebtInstrumentInterestRateStatedPercentage,DeferredTaxAssetsGross,DeferredTaxAssetsNet,DeferredTaxAssetsValuationAllowance,Depreciation,DueToOtherRelatedPartiesClassifiedCurrent,DueToRelatedPartiesCurrent,EarningsPerShareBasicAndDiluted,EmployeeBenefitsAndShareBasedCompensation,EquityMethodInvestmentOwnershipPercentage,FiniteLivedPatentsGross,GeneralAndAdministrativeExpense,GrossProfit,ImpairmentOfInvestments,IncomeLossFromContinuingOperations,IncomeTaxCreditsAndAdjustments,IncomeTaxesPaid,IncreaseDecreaseInAccountsPayable,IncreaseDecreaseInAccountsPayableAndAccruedLiabilities,IncreaseDecreaseInAccountsPayableTrade,IncreaseDecreaseInAccountsReceivable,IncreaseDecreaseInCustomerDeposits,IncreaseDecreaseInInventories,IncreaseDecreaseInOtherAccountsPayableAndAccruedLiabilities,IncreaseDecreaseInOtherCurrentAssets,IncreaseDecreaseInPrepaidExpense,InterestAndDividendsPayableCurrent,InterestExpense,InterestPaid,InventoryNet,InvestmentBuildingAndBuildingImprovements,Land,LandAndLandImprovements,Liabilities,LiabilitiesAndStockholdersEquity,LiabilitiesCurrent,LineOfCreditFacilityMaximumBorrowingCapacity,LongTermLoansPayable,NetCashProvidedByUsedInContinuingOperations,NetCashProvidedByUsedInFinancingActivities,NetCashProvidedByUsedInInvestingActivities,NetCashProvidedByUsedInOperatingActivities,NetIncomeLoss,NetIncomeLossAvailableToCommonStockholdersDiluted,OperatingCostsAndExpenses,OperatingIncomeLoss,OtherDepreciationAndAmortization,OtherIncome,OtherNonoperatingIncomeExpense,PaymentsForAdvanceToAffiliate,PaymentsToAcquireIntangibleAssets,PaymentsToAcquireMachineryAndEquipment,PreferredStockParOrStatedValuePerShare,PreferredStockSharesAuthorized,PreferredStockSharesIssued,PreferredStockSharesOutstanding,PreferredStockValue,PrepaidExpenseAndOtherAssetsCurrent,PrepaidExpenseCurrent,ProceedsFromIssuanceOfCommonStock,ProceedsFromRelatedPartyDebt,PropertyPlantAndEquipmentNet,RelatedPartyTransactionDueFromToRelatedPartyCurrent,RepaymentsOfNotesPayable,RetainedEarningsAccumulatedDeficit,Revenues,SaleOfStockPercentageOfOwnershipAfterTransaction,SellingGeneralAndAdministrativeExpense,StockholdersEquity,StockIssued1,StockIssuedDuringPeriodSharesAcquisitions,StockIssuedDuringPeriodValueIssuedForServices,StockIssuedDuringPeriodValueNewIssues,StockRepurchasedDuringPeriodValue,TreasuryStockShares,WeightedAverageNumberOfShareOutstandingBasicAndDiluted,WeightedAverageNumberOfSharesOutstandingBasicAndDiluted,AssetsNoncurrent,CostOfGoodsAndServicesSold,DepreciationDepletionAndAmortization,EscrowDeposit,GainLossOnDispositionOfAssets,GainsLossesOnExtinguishmentOfDebt,NetIncomeLossAvailableToCommonStockholdersBasic,ProceedsFromSaleOfLandHeldForUse,StockIssuedDuringPeriodValueAcquisitions,StockIssuedDuringPeriodValueTreasuryStockReissued,IncreaseDecreaseInPrepaidDeferredExpenseAndOtherAssets,TerminationLoans
2010-06-30,2010-10-07,10-K,"PEREGRINE INDUSTRIES, INC.",PGID,CIK0001061164,USD,,,22926.0,,,,,,,,157832.0,,0.0,0.0,,0.0,,,,,,,,,,,52.0,,,,,71725.0,,,,,,,,,,,,,,,,68800.0,,,,,,,,,,,,,,,,2925.0,,,,,,236851.0,,41851.0,,,,,0.0,,,,,,,0.0,,,,,,,,,,,,,,,,,-394735.0,0.0,,,,,,,,,,,524200.0,,,,,,,,,,,,
2010-12-31,2011-02-15,10-Q,"PEREGRINE INDUSTRIES, INC.",PGID,CIK0001061164,USD,,,,,,,,,,,,,,,,,,,,,,,,,,,,,,,,19875.0,,,,,,,,,,,,,,,,16950.0,,,,,,,,,,,,,,,,2925.0,,,,,,,,,,,,,,,,,,,,,,,,,,,,,,,,,,,,,,0.0,,,,,,,,,,,,,,,,,,,,,,,
2011-03-31,2011-05-11,10-Q,"PEREGRINE INDUSTRIES, INC.",PGID,CIK0001061164,USD,,,,,,,,,,,,,,,,,,,,,,,,,,,,,,,,22800.0,,,,,,,,,,,,-0.04,,,,16950.0,,,,,,,,,,,,,,,,5850.0,,,,,,,,,,,,,,,,,,,,,,,,,,,,,,,,,,,,,,0.0,,,,,,,,,,,524200.0,,,,,,,,,,,,
2011-06-30,2011-10-04,10-K,"PEREGRINE INDUSTRIES, INC.",PGID,CIK0001061164,USD,,,5946.0,,,,,,,,157832.0,,0.0,0.0,,0.0,,,,,,,,,,,52.0,,,,,93200.0,,,,,,,,,,,,-0.13,,,,69800.0,,,,,,,,,,,,,,,,23400.0,,,,,,307271.0,,112271.0,,,,,0.0,,,-70420.0,,,,22780.0,,,,,,,,,,,,,,,,,-465155.0,0.0,,,,,,,,,,,524200.0,,,,,,,,,,,,
2011-09-30,2011-11-14,10-Q,"PEREGRINE INDUSTRIES, INC.",PGID,CIK0001061164,USD,,,,,,,,,,,157832.0,,0.0,0.0,,,,,,,,,,,,,52.0,,,,,24350.0,,,,,,,,,,,,,,,,18500.0,,,,,,,,,,,,,,,,5850.0,,,,,,331621.0,,136621.0,,,,,0.0,,,,,,,,,,,,,,,,,,,,,,,,-489505.0,0.0,,,,,,,,,,,,,,,,,,,,,,,
2011-12-31,2012-02-13,10-Q,"PEREGRINE INDUSTRIES, INC.",PGID,CIK0001061164,USD,,,7446.0,,,,,,,,157832.0,,0.0,0.0,,0.0,,,,,,,,,,,52.0,,,,,22350.0,,,,,,,,,,,,,,,,16500.0,,,,,,,,,,,,,,,,5850.0,,,,,,353971.0,,158971.0,,,,,,,,,,,,,,,,,,,,,,,,,,,,,-511855.0,0.0,,,,,,,,,,,,,,,,,,,,,,,
2012-03-31,2012-05-14,10-Q,"PEREGRINE INDUSTRIES, INC.",PGID,CIK0001061164,USD,,,7946.0,,,,,,,,157832.0,,0.0,0.0,,0.0,,,,,,,,,,,52.0,,,,,22350.0,,,,,,,,,,,,-0.04,,,,16500.0,,,,,,,,,,,,,,,,5850.0,,,,,,379321.0,,379321.0,,,,,,,,,,,,,,,,,,,,,,,,,,,,,-534205.0,0.0,,,,,,,,,,,524200.0,,,,,,,,,,,,
2012-06-30,2012-10-15,10-K,"PEREGRINE INDUSTRIES, INC.",PGID,CIK0001061164,USD,,,8446.0,,,,,,,,157832.0,,0.0,0.0,,0.0,,,,,0.0,,,,,,52.0,,,,,91400.0,,,,,,,,,,,,-0.17,,,,68000.0,,,,,,,,,,,,,0.0,,,23400.0,,,,,,398671.0,0.0,203671.0,,,,4750.0,0.0,,,-91400.0,,,,0.0,,,,,,,,,,,,0.0,,,,,-556555.0,0.0,,,,,,,,,,524200.0,524200.0,,,,,,,,,,,,
2012-09-30,2012-11-13,10-Q,"PEREGRINE INDUSTRIES, INC.",PGID,CIK0001061164,USD,,,8446.0,,,,,,,,157832.0,,0.0,0.0,,0.0,,,,,,,,,,,52.0,,,,,24350.0,,,,,,,,,,,,-0.05,,,,18500.0,,,,,,,,,,,,,,,,5850.0,,,,,,423021.0,,228021.0,,,,2500.0,0.0,,-24350.0,,,,,,,,,,,,,,,,,0.0,,,,,-580905.0,0.0,,,,,,,,,,524200.0,,,,,,,,,,,,,
2012-12-31,2013-02-14,10-Q,"PEREGRINE INDUSTRIES, INC.",PGID,CIK0001061164,USD,,,7696.0,,,,,,,,157832.0,,0.0,0.0,,0.0,,,,,,,,,,,52.0,,,,,22600.0,,,,0.0,,,,,,,,-0.04,,,,16750.0,,,,,,,,,,,,,,,,5850.0,,,,,,,,445621.0,,,,,,,-22600.0,,,,,,,,,,,,,,,,,,,,,,-603505.0,0.0,,,,,,,,,,524200.0,,,,,,,,,,,,,
2013-03-31,2013-07-02,10-Q,"PEREGRINE INDUSTRIES, INC.",PGID,CIK0001061164,USD,,,,,,,,,,,,,,,,,,,,,,,,,,,,,,,,22600.0,,,,,,,,,,,,,,,,16750.0,,,,,,,,,,,,,,,,5850.0,,,,,,,,,,,,,,,-22600.0,,,,,,,,,,,,,,,,,,,,,,,0.0,,,,,,,,,,,,,,,,,,,,,,,
2013-06-30,2013-10-11,10-K,"PEREGRINE INDUSTRIES, INC.",PGID,CIK0001061164,USD,,,0.0,0.0,,,,,,,157832.0,,0.0,0.0,,0.0,,0.0,,,0.0,,,,,,52.0,,0.0,,,93650.0,,,,0.0,,,,,,,,-0.18,,,,70250.0,,,,,,,,0.0,,,,,0.0,,,23400.0,,,,,,224196.0,0.0,492321.0,,,,4750.0,0.0,-4750.0,-93650.0,,,,,,,,,,,,,,,,,0.0,,,,,-650205.0,0.0,,,-492321.0,,,,,,,524200.0,,,,,,,,,,,,,
2013-09-30,2013-11-12,10-Q,"PEREGRINE INDUSTRIES, INC.",PGID,CIK0001061164,USD,,,0.0,,,,,,,,157832.0,,0.0,0.0,,0.0,,0.0,,,,,,,,,52.0,,,,,9862.0,,,,224196.0,,,,,,,,0.41,,,,8791.0,,,,,,,,,,,,,,,,1071.0,,,,,,,,277987.0,,,-8791.0,8971.0,0.0,,214334.0,,,,,,,,,,,,,,,,,0.0,,,,,-435871.0,0.0,,8791.0,,,,,,,,524200.0,,,,,,,,,,,,,
2013-12-31,2014-02-03,10-Q,"PEREGRINE INDUSTRIES, INC.",PGID,CIK0001061164,USD,,,0.0,,,,,,,,157832.0,,0.0,0.0,,0.0,,,,,,,,,,,52.0,,,,,8702.0,,,,0.0,,,,,,,,-0.02,,,,8215.0,,,,,,,,,,,,,,,,487.0,,,,,,,,286689.0,,,,,,,-8702.0,,,,,,,,,,,,,,,,,,,,,,-444573.0,0.0,,,,,,,,,,524200.0,,,,,,,,,,,,,
2014-03-31,2014-05-15,10-Q,"PEREGRINE INDUSTRIES, INC.",PGID,CIK0001061164,USD,,,0.0,,,,,,,,157832.0,,0.0,0.0,,0.0,,,,,,,,,,,52.0,,35500.0,,,8725.0,,,,,,,,,,,,-0.02,,,,8250.0,,,,,,,,,,,,,,,,475.0,,,,,,295414.0,,295414.0,,,,,,,-8725.0,,,,,,,,,,,,,,,,,,,,,,-453298.0,0.0,,,,,,,,,,524200.0,,,,,,,,,,,,,
2014-06-30,2014-10-14,10-K,"PEREGRINE INDUSTRIES, INC.",PGID,CIK0001061164,USD,,,,1200.0,0.0,,,,75903.0,,157832.0,,0.0,0.0,,0.0,,0.0,,,,,,,,,52.0,159500.0,195000.0,35500.0,,36734.0,,,,224196.0,,,,,,32756.0,,0.36,,,,33956.0,,,,,,,,1200.0,,,,,,,,2778.0,,,,,,304859.0,0.0,304859.0,,,,32756.0,0.0,-32756.0,187462.0,,,,,,,,,,,,,,,,,0.0,,,32756.0,,-462743.0,0.0,,,-304859.0,,,,,,,524200.0,,,,,,,,,,,,,
2014-09-30,2014-11-13,10-Q,"PEREGRINE INDUSTRIES, INC.",PGID,CIK0001061164,USD,,,,3700.0,,,,,76471.0,,157832.0,,0.0,0.0,,0.0,,0.0,,,,,,,,,52.0,,195000.0,,,10568.0,,,,0.0,,,,,,40256.0,,-0.02,,,,10000.0,,,,,,,,,,,,,,,,568.0,,,,,,315427.0,0.0,315427.0,,,-7500.0,7500.0,0.0,-7500.0,-10568.0,,,,,,,,,,,,,,,,,0.0,,,,,-473311.0,0.0,,10000.0,-315427.0,,,,,,,524200.0,,,,,,,,,,,,,
2014-12-31,2015-02-17,10-Q,"PEREGRINE INDUSTRIES, INC.",PGID,CIK0001061164,USD,,,,,0.0,,,,77039.0,,157832.0,,0.0,0.0,,0.0,,,,,,,,,,,52.0,159500.0,,35500.0,,9250.0,,,,0.0,,,,,,,,-0.02,,,,8682.0,,,,,,,,,,,,,,,,568.0,,,,,,324677.0,0.0,324677.0,,,,,,,-9250.0,,,,,,,,,,,,,,,,,,,,52638.0,,-482561.0,0.0,,,-324677.0,,,,,,,524200.0,,,,,,,,,,,,,
2015-03-31,2015-05-15,10-Q,"PEREGRINE INDUSTRIES, INC.",PGID,CIK0001061164,USD,,,,750.0,,,,,,,157832.0,,0.0,0.0,,0.0,,,,,,,,,,,52.0,,,,,16389.0,,,,,,,,,,,,-0.03,,,,15750.0,,,,,,,,,,,,,,,,639.0,,,,,,341066.0,0.0,341066.0,,,,,,,-16389.0,,,,,,,,,,,,,,,,,,,,,,-498950.0,0.0,,,-341066.0,,,,,,,524200.0,,,,,,,,,,,,,
2015-06-30,2015-09-29,10-K,"PEREGRINE INDUSTRIES, INC.",PGID,CIK0001061164,USD,,,,0.0,590.0,,,,78324.0,,157832.0,,0.0,0.0,,0.0,0.0,0.0,,,,,,,,,52.0,,35500.0,35500.0,,45897.0,,,,0.0,,,,,,,,-0.09,,,,43476.0,,,,,,,,,,,,,,,,2421.0,,,,,,350756.0,0.0,350756.0,,,,44086.0,0.0,-44086.0,-45897.0,,,,,,,,,,,,,,,,,,,,,,-508640.0,0.0,,,-350756.0,,,,,,,524200.0,,,,,,,,,,,,,
2015-09-30,2015-11-16,10-Q,"PEREGRINE INDUSTRIES, INC.",PGID,CIK0001061164,USD,,,,590.0,,,,,,,157832.0,,0.0,0.0,,0.0,,0.0,,,0.0,,,,,,52.0,,35500.0,,,11079.0,,,,,,,,,,,,-0.02,,,,10426.0,,,,,,,,,,,,,,,,653.0,,,,,,361835.0,0.0,361835.0,,,,10426.0,0.0,-10426.0,-11079.0,,,,,,,,,,,,,,,,,,,,,,-519719.0,0.0,,,-361835.0,,,,,,,524200.0,,,,,,,,,,,,,
2015-12-31,2016-02-16,10-Q,"PEREGRINE INDUSTRIES, INC.",PGID,CIK0001061164,USD,,,,590.0,,,,,79630.0,,157832.0,,0.0,0.0,,0.0,0.0,,,,,,,,,,52.0,,0.0,,,16595.0,,,,,,,,,,,,-0.03,,,,15942.0,,,,,,,,,,,,,,,,653.0,,,,,,378430.0,0.0,378430.0,,,,,,,-16595.0,,,,,,,,,,,,,,,,,,,,,,-536314.0,0.0,,,-378430.0,,,,,,,524200.0,,,,,,,,,,,,,
2016-03-31,2016-05-11,10-Q,"PEREGRINE INDUSTRIES, INC.",PGID,CIK0001061164,USD,,,,,1465.0,,,,,,157832.0,,0.0,0.0,,0.0,,,,,,,,,,,52.0,,,0.0,,9171.0,,,,,,,,,,,,-0.02,,,,8525.0,,,,,,,,,,,,,,,,646.0,,,,,,387601.0,0.0,387601.0,,,,,,,-9171.0,,,,,,,,,,,,,,,,,,,,,,-545485.0,0.0,,,-387601.0,,,,,,,524200.0,,,,,,,,,,,,,
2016-06-30,2016-09-28,10-K,"PEREGRINE INDUSTRIES, INC.",PGID,CIK0001061164,USD,,,,1465.0,1465.0,,,81049.0,81049.0,,157832.0,,0.0,0.0,,0.0,0.0,0.0,,,0.0,,,,,,52.0,,,195000.0,,45993.0,,,,,,,,,,,103210.0,-0.09,,,,43268.0,,,,,,,,,,,,,,,79630.0,2725.0,,,,,,396749.0,0.0,396749.0,,,,42393.0,0.0,-42393.0,-45993.0,,,,,,,,,,,,,,,,,,,,,,-554633.0,0.0,,,-396749.0,,,,,,,524200.0,,,,,,,,,,,,,
2016-09-30,2016-11-16,10-Q,"PEREGRINE INDUSTRIES, INC.",PGID,CIK0001061164,USD,,,,3084.0,,,,81852.0,,,157832.0,,0.0,0.0,,0.0,0.0,,,,0.0,,,,,,52.0,,,195000.0,,11393.0,,,,,,,,,,,,-0.02,,,,10590.0,,,,,0.0,,,,,,,2422.0,,,,803.0,0.0,,,,,408142.0,0.0,408142.0,,,,8971.0,0.0,-8971.0,-11393.0,,11393.0,,,,,,,,,,,,,,,,8971.0,,,,-566026.0,0.0,,,-408142.0,0.0,,,,,,524200.0,,,,,,,,,,,,,
2016-12-31,2017-02-13,10-Q,"PEREGRINE INDUSTRIES, INC.",PGID,CIK0001061164,USD,,,,1024.0,,,,,,,157832.0,,0.0,0.0,,0.0,0.0,,,,,,,,,,52.0,,,,,19386.0,,,,,,,,,,,148796.0,-0.04,,,,18530.0,,,,,,,,,,,,,,,82708.0,856.0,,,,,,427528.0,0.0,427528.0,,,,,,,-19386.0,,19386.0,,,,,,,,,,,,,,,,,,,,-585412.0,0.0,,,-427528.0,,,,,,,524200.0,,,,,,,,,,,,,
2017-03-31,2017-05-15,10-Q,"PEREGRINE INDUSTRIES, INC.",PGID,CIK0001061164,USD,,,,1024.0,,,,,83559.0,,157832.0,,0.0,0.0,,0.0,,,,,,,,,,,52.0,,,,,9381.0,,,,,,,,,,,,-0.02,,,,8530.0,,,,,,,,,,,,,,,,851.0,,,,,,436909.0,0.0,436909.0,,,,,,,-9381.0,,9381.0,,,,,,,,,,,,,,,,,,,,-594793.0,0.0,,,-436909.0,,,,,,,524200.0,,,,,,,,,,,,,
2017-06-30,2017-08-02,10-K,"PEREGRINE INDUSTRIES, INC.",PGID,CIK0001061164,USD,,1024.0,,1024.0,,,,,,,157832.0,,0.0,0.0,,0.0,3000.0,,,,0.0,,0.0001,100000000.0,524200.0,524200.0,52.0,,,195000.0,,48075.0,,,,,,,,,,,164356.0,-0.09,,,,44680.0,,,,,,2954.0,,,,,,,,,,3395.0,3395.0,,,,,444824.0,0.0,444824.0,,,,45121.0,0.0,-45121.0,-48075.0,,48075.0,,,,,,,,0.0001,5000000.0,,,,,,,45121.0,,,,-602708.0,0.0,,,-444824.0,,,,,,,524200.0,,,,,,,,,,,,,
2017-09-30,2017-11-14,10-Q,"PEREGRINE INDUSTRIES, INC.",PGID,CIK0001061164,USD,,1024.0,,,,,,,,,599384.0,,,,,,0.0,,,,,,0.0001,100000000.0,23002043.0,23002043.0,2300.0,,,,,,,,,,,,,,,,,0.0,,,,0.0,,,,,0.0,,,,,,,0.0,,,,0.0,0.0,,,,,,,1024.0,,,,0.0,,0.0,0.0,,0.0,,,,,,,,0.0001,5000000.0,,,,,,,0.0,,,,-602708.0,,,,-1024.0,443800.0,,,,,,19049895.0,,,,,,,,,,,,,
2017-12-31,2018-02-13,10-Q,"PEREGRINE INDUSTRIES, INC.",PGID,CIK0001061164,USD,,3224.0,,,,,,,,,599384.0,,1500.0,1500.0,,,,,,,,,0.0001,100000000.0,23002043.0,23002043.0,2300.0,,,,,,,,,,,,,,,,4000.0,0.0,,,,4700.0,,,,,,,,,,,,,,,,,,,,,,,1500.0,7224.0,,,,,,,-4700.0,,4700.0,-4700.0,,,,,,,0.0001,5000000.0,,,,,1500.0,,,,,,-607408.0,,,,-5724.0,,,,,,,23002043.0,,,,,,,,,,,,,
2018-03-31,2018-05-14,10-Q,"PEREGRINE INDUSTRIES, INC.",PGID,CIK0001061164,USD,,2599.0,,,,,,,,,599384.0,,,,,,,,,,,,0.0001,100000000.0,23002043.0,23002043.0,2300.0,,,,,,,,,,,,,,,,5345.0,0.0,,,,2220.0,,,,,,,,,,,,,,,,,,,,,,,,7944.0,,,,,,,-2220.0,,2220.0,-2220.0,,,,,,,0.0001,5000000.0,,,,,,,,,,,-609628.0,,,,-7944.0,,,,,,,23002043.0,,,,,,,,,,,,,
2018-06-30,2018-11-19,10-K,"PEREGRINE INDUSTRIES, INC.",PGID,CIK0001061164,USD,,1024.0,,,,,,,,,599384.0,,3000.0,3000.0,,3000.0,3000.0,,,,,,0.0001,100000000.0,23002043.0,23002043.0,2300.0,,,,,,,,,,,,,,,,18963.0,0.0,,,,15963.0,,,,,0.0,0.0,,,,,,,,,,,0.0,,,,,,3000.0,19987.0,,,,3000.0,,0.0,-15963.0,,15963.0,-15963.0,,,,,,,0.0001,5000000.0,,,,,,,3000.0,,,,-618671.0,,,,-16987.0,443800.0,,,,,,21955130.0,,,,,,,,,,,,,
2018-09-30,2018-11-29,10-Q,"PEREGRINE INDUSTRIES, INC.",PGID,CIK0001061164,USD,,1024.0,,,,,,,,,599384.0,,3000.0,3000.0,,3000.0,3000.0,,,,,,0.0001,100000000.0,23002043.0,23002043.0,2300.0,,,,,,,,,,,,,,,,18963.0,,,,,,,,,,,,,,,,,,,,,,,,,,,,3000.0,19987.0,,,,,,,,,,,,,,,,,0.0001,5000000.0,,,,,,,,,,,-618671.0,,,,-16987.0,,,,,,,23002043.0,,,,,,,,,,,,,
2018-12-31,2019-01-28,10-Q,"PEREGRINE INDUSTRIES, INC.",PGID,CIK0001061164,USD,,,,,,,,,,,599384.0,,3000.0,3000.0,,3000.0,3000.0,,,,,,0.0001,100000000.0,23002043.0,23002043.0,2300.0,,,,,,,,,,,,,,,,31503.0,0.0,,,,11516.0,,,,,,,,,,,,,,,,,,,,,,,3000.0,31503.0,,,,,,,-11516.0,,11516.0,-11516.0,,,,,,,0.0001,5000000.0,,,,,,,,,,,-630187.0,,,,-28503.0,,,,,,,23002043.0,,,,,,,,,,,,,
2019-03-31,2019-05-10,10-Q,"PEREGRINE INDUSTRIES, INC.",PGID,CIK0001061164,USD,,,,,,,,,,,599384.0,,3000.0,3000.0,,3000.0,3000.0,,,,,,0.0001,100000000.0,23002043.0,23002043.0,2300.0,,,,,,,,,,,,,,,,37353.0,0.0,,,,5850.0,,,,,,,,,,,,,,,,,,,,,,,3000.0,37353.0,,,,,,,-5850.0,,5850.0,-5850.0,,,,,,,0.0001,5000000.0,,,,,,,,,,,-636037.0,,,,-34353.0,,,,,,,23002043.0,,,,,,,,,,,,,
2019-06-30,2019-10-01,10-K,"PEREGRINE INDUSTRIES, INC.",PGID,CIK0001061164,USD,,,,,,,,,,,599384.0,,3000.0,3000.0,,3000.0,3000.0,,,,,,0.0001,100000000.0,23002043.0,23002043.0,2300.0,,,,,,,,,,,,,,,,40029.0,,,,,,,,,,0.0,-1024.0,,,,,,,,,,,0.0,,,,,,3000.0,40029.0,,,,,,,,,,,,,,,,,0.0001,5000000.0,,,,,,,,,,,-638713.0,,,,-37029.0,0.0,,,,,,,,,,,,,,,,,,,
2019-10-31,2019-12-20,10-Q,"PEREGRINE INDUSTRIES, INC.",PGID,CIK0001061164,USD,,,,,,,,,,,599384.0,,3000.0,3000.0,,3000.0,3000.0,,,,,,0.0001,100000000.0,23002043.0,23002043.0,2300.0,,,,,,,,,,,,,,,,45356.0,0.0,,,,5277.0,,,,,,,,,,,,,,,,,,,,,,,3000.0,45356.0,,,,5277.0,,-5277.0,-5277.0,,5277.0,5277.0,,,,,,,0.0001,5000000.0,,,,,,,5277.0,,,,-644040.0,,,,,,,,,,,23002043.0,,,,,,,,,,,,,
2020-01-31,2020-03-16,10-Q,"PEREGRINE INDUSTRIES, INC.",PGID,CIK0001061164,USD,,,,,,,,,,,599384.0,,3000.0,3000.0,,3000.0,3000.0,,,,,,0.0001,100000000.0,23002043.0,23002043.0,2300.0,,,,,,,,,,,,,,,,48581.0,0.0,,,,3225.0,,,,,,,,,,,,,,,,,,,,,,,,48581.0,,,,,,,-3225.0,,3225.0,-3225.0,,,,,,,0.0001,5000000.0,,,,,,,,,,,-647265.0,,,,-45581.0,,,,,,,23002043.0,,,,,,,,,,,,,
2020-04-30,2020-06-10,10-Q,"PEREGRINE INDUSTRIES, INC.",PGID,CIK0001061164,USD,,,,,,,,,,,599384.0,,3000.0,3000.0,,3000.0,3000.0,,,,,,0.0001,100000000.0,23002043.0,,2300.0,,,,,,,,,,,,,,,,52386.0,0.0,,,,3805.0,,,,,,,,,,,,,,,,,,,,,,,3000.0,52386.0,,,,,,,-3805.0,,3805.0,-3805.0,,,,,,,0.0001,5000000.0,,,0.0,,,,,,,,-651070.0,,,,-49386.0,,,,,,,23002043.0,,,,,,,,,,,,,
2020-07-31,2020-10-29,10-K,"PEREGRINE INDUSTRIES, INC.",PGID,CIK0001061164,USD,32730.0,,,,,34805.0,34805.0,,,3146935.0,5861438.0,0.0,1811419.0,937830.0,393076.0,3000.0,105286.0,-310897.0,105286.0,,,86061.0,0.0001,500000000.0,250524200.0,250524200.0,25052.0,,,,205611.0,,70111.0,46.0,,,,660856.0,0.0,660856.0,102270.0,,0.0,-0.04,726609.0,,276196.0,14097.0,168631.0,,3146935.0,2515355.0,,,-4661.0,,-30347.0,-107384.0,22500.0,,,41704.0,,,,785500.0,,62307.0,,,1811419.0,32776.0,,,,107704.0,-20239.0,-398362.0,,,979324.0,-810693.0,102270.0,,0.0,14097.0,20239.0,0.0,0.0001,5000000.0,0.0,0.0,0.0,12239.0,12239.0,25000.0,86061.0,1128.0,,3357.0,-4193908.0,,,150445.0,-58826.0,,,387000.0,1250.0,0.0,,23002043.0,,,,,,,,,,,,,
2020-10-31,2020-12-28,10-Q,"PEREGRINE INDUSTRIES, INC.",PGID,CIK0001061164,USD,,,,,,,,,,4334370.0,599384.0,,3000.0,3000.0,,3000.0,3000.0,-35169.0,70117.0,,,,0.0001,100000000.0,23002043.0,,2300.0,,,,,,,,,,,,,,25825.0,,61826.0,0.0,26990.0,,,7650.0,19809.0,,,,,,66.0,,-1614.0,,1417.0,,,4925.0,,,,,,,,,3000.0,61826.0,,,,0.0,-25828.0,-9342.0,-109187.0,,89035.0,-69226.0,25825.0,,0.0,,13828.0,0.0,0.0001,5000000.0,,,,,,,7650.0,,,,-660510.0,41893.0,,36220.0,1552121.0,,,,,,,250524200.0,,,22084.0,17352.0,,0.0,,-69226.0,,3437518.0,0.0,,
2021-01-31,2021-03-15,10-Q,"PEREGRINE INDUSTRIES, INC.",PGID,CIK0001061164,USD,,,,,,,,,,4334370.0,599384.0,,3000.0,3000.0,,3000.0,3000.0,,63548.0,,,,0.0001,100000000.0,23002043.0,,2300.0,,,,,1449.0,,,,,,,,,,,63686.0,0.0,3220.0,,,1860.0,4600.0,,,,,,,,,,,,,,,,,,,,,,3000.0,63686.0,,,,,,,-7182.0,,110269.0,-105669.0,92663.0,,-10000.0,,,,0.0001,5000000.0,,,,,,,,,,,-662370.0,6049.0,,14386.0,-1559303.0,,,,,,,250524200.0,,,,13014.0,,,,-95669.0,0.0,,,,
2021-04-30,2021-06-14,10-Q,"PEREGRINE INDUSTRIES, INC.",PGID,CIK0001061164,USD,,,,,,,,,,,599384.0,,3000.0,3000.0,,3000.0,3000.0,,,,,,0.0001,100000000.0,23002043.0,,2300.0,,,,,,,,,,,,,,,,65655.0,0.0,,,,1969.0,,,,,,,,,,,,,,,,,,,,,,,3000.0,65655.0,,,,,,,-1969.0,,1969.0,-1969.0,,,,,,,0.0001,5000000.0,,,,,,,,,,,-664339.0,,,,-62655.0,,,,,,,23002043.0,,,,,,,,,,,,,
2021-07-31,2021-11-18,10-K,"PEREGRINE INDUSTRIES, INC.",PGID,CIK0001061164,USD,26287.0,,,,,26420.0,26420.0,,,3287397.0,5891439.0,66888.0,1668408.0,916307.0,375469.0,,94282.0,-11003.0,94282.0,250000.0,,10000.0,0.0001,500000000.0,,250524200.0,25052.0,,,,29012.0,,,0.0,,,0.01,690353.0,0.0,660856.0,103299.0,,50000.0,-0.01,107960.0,1.0,244007.0,,32042.0,66888.0,3287397.0,,,,-6487.0,,8385.0,0.0,1126.0,,,1007.0,,,,784374.0,440167.0,62307.0,502474.0,,1668408.0,76287.0,,,,159982.0,-48699.0,-122287.0,,,288318.0,-256276.0,103299.0,,115815.0,15935.0,34699.0,2000.0,0.0001,5000000.0,0.0,0.0,0.0,11232.0,11232.0,50000.0,79982.0,0.0,,0.0,-4334370.0,,,77060.0,1582121.0,,,0.0,,,,23002043.0,,752100.0,,,0.0,,,,,,,,10000.0
2021-10-31,2021-12-22,10-Q,"PEREGRINE INDUSTRIES, INC.",PGID,CIK0001061164,USD,23701.0,,,,,25192.0,25192.0,,,4190214.0,5891439.0,,1799978.0,1506369.0,0.0,,,-34240.0,60041.0,,,0.0,0.0001,500000000.0,,250524200.0,25052.0,,,,,,,,,,0.01,,,,23316.0,,50000.0,0.0,5582.0,,246607.0,,5255.0,,,,,,-2584.0,,1227.0,,39.0,,,7059.0,,,,784334.0,,0.0,,,1799978.0,73701.0,,,,-10000.0,-2600.0,-21640.0,288312.0,,69303.0,-64048.0,27718.0,,208204.0,,2600.0,0.0,0.0001,5000000.0,0.0,0.0,0.0,4173.0,,,,,,,-4190214.0,6298.0,,36002.0,1726277.0,,,0.0,30000.0,,,250524200.0,,293609.0,1043.0,366697.0,632629.0,-194853.0,10000.0,144156.0,,,,,
