end,filed,form,Name,Ticker,CIK,Currency,AccountsPayableAndAccruedLiabilitiesCurrent,AccountsPayableCurrent,AccountsPayableTradeCurrent,AccretionExpense,AccruedLiabilitiesCurrent,AccumulatedOtherComprehensiveIncomeLossNetOfTax,AdditionalPaidInCapital,AdjustmentsToAdditionalPaidInCapitalConvertibleDebtWithConversionFeature,AssetImpairmentCharges,Assets,AssetsCurrent,Cash,CashAndCashEquivalentsAtCarryingValue,CashAndCashEquivalentsPeriodIncreaseDecrease,CashCashEquivalentsRestrictedCashAndRestrictedCashEquivalentsIncludingDisposalGroupAndDiscontinuedOperations,CashCashEquivalentsRestrictedCashAndRestrictedCashEquivalentsPeriodIncreaseDecreaseIncludingExchangeRateEffect,CashEquivalentsAtCarryingValue,CommonStockParOrStatedValuePerShare,CommonStockParOrStatedValuePerShare,CommonStockSharesAuthorized,CommonStockSharesIssued,CommonStockSharesOutstanding,CommonStockValue,ComprehensiveIncomeNetOfTax,ConvertibleNotesPayable,DebtInstrumentConvertibleBeneficialConversionFeature,DebtInstrumentConvertibleNumberOfEquityInstruments,DebtInstrumentFaceAmount,DebtInstrumentInterestRateEffectivePercentage,DeferredIncomeTaxExpenseBenefit,DeferredRevenue,DeferredRevenueCurrent,DeferredTaxAssetsGross,DeferredTaxAssetsLiabilitiesNet,DeferredTaxAssetsOperatingLossCarryforwards,DeferredTaxAssetsUnrealizedLossesOnAvailableforSaleSecuritiesGross,DeferredTaxAssetsValuationAllowance,DeferredTaxLiabilitiesNoncurrent,DeferredTaxLiabilitiesUnrealizedGainsOnTradingSecurities,Deposits,DueFromOfficersOrStockholders,DueToRelatedPartiesCurrent,DueToRelatedPartiesCurrentAndNoncurrent,EarningsPerShareBasic,EarningsPerShareBasicAndDiluted,EarningsPerShareDiluted,EffectiveIncomeTaxRateContinuingOperations,EffectiveIncomeTaxRateReconciliationAtFederalStatutoryIncomeTaxRate,EffectOfExchangeRateOnCashCashEquivalentsRestrictedCashAndRestrictedCashEquivalentsIncludingDisposalGroupAndDiscontinuedOperations,EquityMethodInvestmentRealizedGainLossOnDisposal,ExplorationExpense,FairValueAssumptionsRiskFreeInterestRate,FairValueAssumptionsWeightedAverageVolatilityRate,FeesAndCommissionsTransferAgent,ForeignCurrencyTransactionGainBeforeTax,ForeignCurrencyTransactionGainLossBeforeTax,GainLossOnInvestments,GainLossOnSaleOfEquityInvestments,GainLossOnSaleOfInvestments,GeneralAndAdministrativeExpense,IncomeLossFromContinuingOperationsBeforeIncomeTaxesExtraordinaryItemsNoncontrollingInterest,IncomeTaxEffectsAllocatedDirectlyToEquity,IncomeTaxExpenseBenefit,IncomeTaxReconciliationChangeInDeferredTaxAssetsValuationAllowance,IncomeTaxReconciliationChangeInEnactedTaxRate,IncomeTaxReconciliationIncomeTaxExpenseBenefitAtFederalStatutoryIncomeTaxRate,IncomeTaxReconciliationNondeductibleExpense,IncomeTaxReconciliationPriorYearIncomeTaxes,IncreaseDecreaseInAccountsPayable,IncreaseDecreaseInAccountsPayableAndAccruedLiabilities,IncreaseDecreaseInAccountsPayableRelatedParties,IncreaseDecreaseInDeferredRevenue,IncreaseDecreaseInPrepaidExpense,InterestAndDebtExpense,InterestExpense,InterestExpenseDebt,InterestIncomeOther,InterestPaidNet,InterestPayableCurrent,InvestmentIncomeInterest,LeaseAndRentalExpense,Liabilities,LiabilitiesAndStockholdersEquity,LiabilitiesCurrent,LongTermInvestments,MarketingExpense,MineralPropertiesNet,NetCashProvidedByUsedInFinancingActivities,NetCashProvidedByUsedInInvestingActivities,NetCashProvidedByUsedInOperatingActivities,NetIncomeLoss,NoninterestExpenseTransferAgentAndCustodianFees,NotesPayableCurrent,OperatingExpenses,OperatingIncomeLoss,OperatingLeasesFutureMinimumPaymentsDueCurrent,OperatingLeasesFutureMinimumPaymentsDueInFourAndFiveYears,OperatingLeasesFutureMinimumPaymentsDueInTwoAndThreeYears,OperatingLeasesFutureMinimumPaymentsDueThereafter,OperatingLeasesFutureMinimumPaymentsRemainderOfFiscalYear,OperatingLossCarryforwards,OperatingLossCarryforwardsValuationAllowance,OtherComprehensiveIncomeLossNetOfTaxPortionAttributableToParent,OtherIncome,PaymentsForOtherDeposits,PaymentsForRent,PaymentsToAcquireMineralRights,PaymentsToAcquireMiningAssets,PaymentsToAcquireOilAndGasPropertyAndEquipment,PreferredStockParOrStatedValuePerShare,PreferredStockParOrStatedValuePerShare,PreferredStockSharesAuthorized,PreferredStockSharesIssued,PreferredStockSharesOutstanding,PrepaidExpenseCurrent,ProceedsFromConvertibleDebt,ProceedsFromIssuanceOfCommonStock,ProceedsFromIssuanceOfDebt,ProceedsFromNotesPayable,ProceedsFromOtherDeposits,ProceedsFromRelatedPartyDebt,ProceedsFromRepaymentsOfDebt,ProceedsFromRepaymentsOfNotesPayable,ProceedsFromRepaymentsOfRelatedPartyDebt,ProceedsFromSaleMaturityAndCollectionsOfInvestments,ProceedsFromSaleOfInvestmentProjects,ProfessionalFees,RepaymentsOfNotesPayable,RepaymentsOfOtherDebt,RetainedEarningsAccumulatedDeficit,Revenues,SalesRevenueGoodsNet,ShareBasedCompensation,SharesIssuedPricePerShare,StockholdersEquity,StockIssued1,StockIssuedDuringPeriodSharesIssuedForServices,StockIssuedDuringPeriodSharesNewIssues,StockIssuedDuringPeriodSharesPurchaseOfAssets,StockIssuedDuringPeriodValueIssuedForServices,StockIssuedDuringPeriodValueNewIssues,StockIssuedDuringPeriodValuePurchaseOfAssets,StockRepurchasedAndRetiredDuringPeriodShares,SubscriptionRevenue,ValuationAllowanceDeferredTaxAssetChangeInAmount,WeightedAverageNumberOfShareOutstandingBasicAndDiluted
2014-09-30,2014-11-17,10-Q,NEVADA CANYON GOLD CORP.,NGLD,CIK0001605481,USD,,6942.0,,,,,,,,6867.0,6867.0,6356.0,6356.0,,,,,,0.0001,100000000.0,21000000.0,21000000.0,2100.0,,,,,,,,,,51275.0,,,,,,,,49100.0,49100.0,,,0.0,,,,,,,,,,,,,,,4904.0,,,,,,,,,,,,,,,,,,,,,900.0,56042.0,6867.0,,,,,,,,-13103.0,,,13103.0,-13103.0,,,,,,51275.0,51275.0,,,,-900.0,,,,,0.0001,10000000.0,,,511.0,,,,,,,,,,,,7299.0,,,-51275.0,,,,,-49175.0,,,,,,,,,,,21000000.0
2014-12-31,2015-03-30,10-K,NEVADA CANYON GOLD CORP.,NGLD,CIK0001605481,USD,,10869.0,,,,,81418.0,,,91010.0,91010.0,81600.0,81600.0,,,,0.0,,0.0001,100000000.0,21815000.0,21815000.0,2182.0,,,,,,,,0.0,,22778.0,,22778.0,,22778.0,,,3500.0,,63000.0,,,,,,,,,,,,,,,,,,,,,,,,,,,,,,,,,,,,,425.0,,,77369.0,91010.0,77369.0,,,,,,,,,,,,,,,,,69959.0,,,,,,,,,,0.0001,10000000.0,,,910.0,,3500.0,,,,,,,,,,,,,-69959.0,,,,0.0001,13641.0,,,,,,,,,,,
2015-03-31,2015-05-18,10-Q,NEVADA CANYON GOLD CORP.,NGLD,CIK0001605481,USD,,1800.0,,,,,84915.0,,,54524.0,54524.0,53614.0,53614.0,-27987.0,,,0.0,,0.0001,100000000.0,21850000.0,21850000.0,2185.0,,,,,,,,,,,,,,,,,,,63000.0,,,0.0,,0.5,,,,,,,-12080.0,,,,,,2373.0,,,,,,,,,-9070.0,-9069.0,,,,,,,,,,,,64800.0,54524.0,64800.0,,,,8500.0,,-36486.0,-27417.0,,,27417.0,,,,,,,,,,,,,,,,,0.0001,10000000.0,,,910.0,,,,,8500.0,,,,,,,12964.0,,,-97376.0,,,,,-10276.0,,,,,,,,,,,212959470.0
2015-06-30,2015-08-18,10-Q,NEVADA CANYON GOLD CORP.,NGLD,CIK0001605481,USD,,,,,,,84915.0,,,46620.0,46620.0,42710.0,42710.0,,,,0.0,,0.0001,100000000.0,21850000.0,21850000.0,2185.0,,,,,,,,3000.0,3000.0,106480.0,,,,106480.0,,,,,63000.0,63000.0,,0.0,,,,,,,,,,,,,,,3979.0,,,,,,,,,,,,,,,,,,,,,,66000.0,46620.0,66000.0,,,,,,,-9104.0,,,-10104.0,-10904.0,,,,,,106480.0,,,1800.0,,,,,,,0.0001,10000000.0,,,3910.0,,,,,,,,,,,,6125.0,,,-106480.0,1000.0,1000.0,,,-19380.0,,,,,,,,,,,218500000.0
2015-09-30,2015-11-13,10-Q,NEVADA CANYON GOLD CORP.,NGLD,CIK0001605481,USD,,1352.0,,,,,84915.0,,,36079.0,36079.0,35169.0,35169.0,,,,,,0.0001,100000000.0,21850000.0,21850000.0,2185.0,,,,,,,,,,115373.0,,,,115373.0,,,,,63000.0,63000.0,,0.0,,,,,,,,,,,,,,,203.0,,,,,,,,,,,,,,,,,,,,,,64352.0,36079.0,64352.0,,,,,,,-8893.0,3565.0,,-11893.0,-8893.0,,,,,,115373.0,,,,,,,,,,0.0001,10000000.0,,,910.0,,,,,,,,,,,,8125.0,,,-115373.0,3000.0,,,,-28273.0,,,,,,,,,,,218500000.0
2015-12-31,2016-03-15,10-K,NEVADA CANYON GOLD CORP.,NGLD,CIK0001605481,USD,1406.0,1406.0,,,,,75150.0,,,104937.0,39937.0,,39027.0,-42573.0,,,,,0.0001,100000000.0,219500000.0,219500000.0,21950.0,,,,,,0.05,,,,51715.0,,51715.0,,-51715.0,,,,,63000.0,63000.0,,0.0,,,0.34,,,25579.0,,,-18582.0,,,,,,14110.0,,,,,,-29592.0,655.0,,-9463.0,,,,,,-425.0,425.0,,,425.0,,,164831.0,104937.0,,,,65000.0,108500.0,-55000.0,-96073.0,-87035.0,18582.0,100425.0,-90610.0,,,,,,,152000.0,,,,,,-55000.0,,55000.0,,0.0001,10000000.0,0.0,0.0,910.0,,,8500.0,,8500.0,,,100000.0,,,,32339.0,-100000.0,,-156994.0,4000.0,,,,-59894.0,,,,,,3500.0,10000.0,,,-28937.0,218533560.0
2016-03-31,2016-05-11,10-Q,NEVADA CANYON GOLD CORP.,NGLD,CIK0001605481,USD,822.0,,,,,,83070.0,,,101209.0,36209.0,,35299.0,-3728.0,,,,,0.0001,100000000.0,220300000.0,220300000.0,22030.0,,,,,,,,,,,,,,,,,,,93000.0,,,0.0,,,,,,24953.0,,,-249.0,,,,,,11465.0,,,,,,,,,-584.0,-584.0,,,,,1233.0,1233.0,,,1658.0,,,195480.0,101209.0,,,8000.0,65000.0,30000.0,,-33728.0,-42377.0,2226.0,101658.0,-41144.0,,,,,,,,,,,,,,,,,0.0001,10000000.0,0.0,0.0,910.0,,,,,,30000.0,,,,,,2500.0,,,-199371.0,,,8000.0,,-94271.0,8000.0,,,,,,,1800000000.0,,,219508790.0
2016-06-30,2016-08-15,10-Q,NEVADA CANYON GOLD CORP.,NGLD,CIK0001605481,USD,8862.0,,,,,,475695.0,,,434850.0,369850.0,,364445.0,,,,,,0.0001,100000000.0,44050000.0,44050000.0,4405.0,,,,,,0.0075,,,,,,,,,,,,,95907.0,95907.0,,0.0,,,,,,14171.0,,,,,,,,,11133.0,,,,,,,,,,,,,,,1260.0,-1260.0,,,2918.0,,,207687.0,434850.0,,,,65000.0,,,,-53567.0,3326.0,102918.0,-52307.0,,,,,,,,,,,,,,,,,0.0001,10000000.0,,,5405.0,,,,,,,,,,,,23677.0,,,-252937.0,,,,,227163.0,,,,,,,,,,,48582967.0
2016-09-30,2016-11-14,10-Q,NEVADA CANYON GOLD CORP.,NGLD,CIK0001605481,USD,8200.0,,,,,,475695.0,,,185512.0,120512.0,,107730.0,,,,,,0.0001,100000000.0,44050000.0,44050000.0,4405.0,-142851.0,,,,,0.0075,,,,,,,,,,,,,93000.0,93000.0,0.0,0.0,0.0,,,,,114329.0,,,,,,,,,22986.0,,,,,,,,,,,,,,,-2412.0,2412.0,,,,,,101200.0,185512.0,,,,65000.0,,,,-142851.0,4024.0,,-145263.0,,,,,,,,,,,,,,,,,0.0001,10000000.0,,,12782.0,,,,,,,,,,,,3924.0,,,-395788.0,,,,,84312.0,,,,,,,,,,,44050000.0
2016-12-31,2017-03-21,10-K,NEVADA CANYON GOLD CORP.,NGLD,CIK0001605481,USD,8200.0,,,,,,457695.0,,,131797.0,66797.0,,51789.0,12762.0,51789.0,,,,0.0001,100000000.0,44050000.0,44050000.0,4405.0,-297509.0,,,,,0.0075,,,,151960.0,,151960.0,,151960.0,,,,,98000.0,98000.0,0.0,0.0,0.0,,0.34,,,185945.0,,,,,,,,,64788.0,-297509.0,,,,,-101153.0,908.0,,6794.0,,,,14098.0,2837.0,2918.0,-2837.0,,506.0,,,,106200.0,131797.0,106200.0,,,65000.0,309494.0,,-296732.0,-297509.0,12011.0,,-297428.0,,,,,,,446942.0,,,,,,,,,,0.0001,10000000.0,,,15008.0,,375000.0,,,,35000.0,,,,,,34684.0,100506.0,,-436503.0,,,8000.0,,25597.0,8000.0,,,,,375000.0,,,,-100245.0,88802049.0
2017-03-31,2017-05-15,10-Q,NEVADA CANYON GOLD CORP.,NGLD,CIK0001605481,USD,6800.0,,,,,,457695.0,,,95843.0,30843.0,,15176.0,-36613.0,,,,,0.0001,100000000.0,44050000.0,44050000.0,4405.0,,,,,,,,,,,,,,,,,,,93000.0,93000.0,,0.0,,,,,,20008.0,,,,,,,,,4945.0,,,,,,,,,-1400.0,,,,659.0,,,,,,,,,,95843.0,99800.0,,,65000.0,-5000.0,,-31613.0,-29554.0,2101.0,,-29554.0,,,,,,,,,,,,,,,,,0.0001,10000000.0,,,15667.0,,,,,,-5000.0,,,-5000.0,,,2500.0,,,-466057.0,,,,,-3957.0,,,,,,,,,,,44050000.0
2017-06-30,2017-08-14,10-Q,NEVADA CANYON GOLD CORP.,NGLD,CIK0001605481,USD,6042.0,,,,,,457695.0,,,91541.0,11541.0,,4538.0,,,,,,0.0001,100000000.0,44050000.0,44050000.0,4405.0,,,,,,,,,,,,,,,,,,,93000.0,93000.0,,0.0,,,,,,9284.0,,,,,,,,,5885.0,,,,,,,,,,,,,,,,,,,,,,,91541.0,99042.0,,,80000.0,,,,-3544.0,1875.0,,18544.0,,,25000.0,20000.0,40000.0,15000.0,,,,,,,,,,,0.0001,10000000.0,,,7003.0,,,,,,,,,,,,1500.0,,,-469601.0,15000.0,,,,-7501.0,,,,,,,,,,,44050000.0
2017-09-30,2017-11-13,10-Q,NEVADA CANYON GOLD CORP.,NGLD,CIK0001605481,USD,10800.0,,,,,27618.0,457695.0,,,2444786.0,20497.0,,4508.0,,,,,,0.0001,100000000.0,44050000.0,44050000.0,4405.0,2279487.0,,,,,,,,,,,,,,,,,,107000.0,107000.0,0.05,,0.05,,,,,3223.0,,,,,,,27618.0,,4085.0,2251869.0,,,,,,,,,,,,,,,,,,,,,,2444786.0,172800.0,2355137.0,,69152.0,,,,2251869.0,5842.0,55000.0,15650.0,,,25000.0,20000.0,40000.0,15000.0,,,,,,,,,,,0.0001,10000000.0,,,15989.0,,,,,,,,,,,,2500.0,,,1782268.0,5000.0,,,,2271986.0,,,,,,,,,,,44050000.0
2017-12-31,2018-04-16,10-K,NEVADA CANYON GOLD CORP.,NGLD,CIK0001605481,USD,150800.0,,144500.0,,6300.0,-652722.0,522645.0,,,1418929.0,11230.0,,2981.0,-48808.0,2981.0,-48808.0,,,0.0001,100000000.0,44550000.0,44550000.0,4455.0,533422.0,,,,,,358228.0,,,-21978.0,21978.0,81048.0,-103026.0,,21978.0,103026.0,,,567132.0,567132.0,0.03,,0.03,,0.34,,,152515.0,,,,,,,-652722.0,,558875.0,1544372.0,336250.0,358228.0,,-13606.0,525086.0,,-1292.0,142600.0,142600.0,435000.0,,-6759.0,,,,,,,,,794910.0,1418929.0,772932.0,1338547.0,,69152.0,89132.0,-69152.0,-68788.0,1186144.0,14253.0,55000.0,738147.0,,,25000.0,20000.0,40000.0,15000.0,385939.0,,-652722.0,,,,69152.0,,,,0.0001,10000000.0,,,8249.0,,,,55000.0,,34132.0,,,34132.0,,,12504.0,,,749641.0,,,65000.0,,624019.0,,500000.0,,,65000.0,,,,,151960.0,44140411.0
2018-03-31,2018-05-15,10-Q,NEVADA CANYON GOLD CORP.,NGLD,CIK0001605481,USD,149661.0,,,,,,522645.0,,,1054841.0,10164.0,,3612.0,631.0,3612.0,631.0,,,0.0001,100000000.0,44550000.0,44550000.0,4455.0,,,,,,,-21978.0,,,,,,,,,,,,577132.0,,-0.01,-0.01,-0.01,,,,,,,,,,,,-363022.0,,3443.0,-372949.0,,,,,,,,-1139.0,-1139.0,,,-1697.0,,,,,,,,,781793.0,1054841.0,781793.0,975525.0,,69152.0,10000.0,,-9369.0,-350971.0,4984.0,55000.0,9927.0,,,25000.0,20000.0,40000.0,15000.0,,,,,,,,,,,0.0001,10000000.0,,,6552.0,,,,,,,,,10000.0,,,1500.0,,,-254052.0,,,,,273048.0,,,,,,,,,,,44550000.0
2018-06-30,2018-07-30,10-Q,NEVADA CANYON GOLD CORP.,NGLD,CIK0001605481,USD,158545.0,,,,,,522645.0,,,1030984.0,5599.0,,1730.0,,1730.0,,,,0.0001,100000000.0,44550000.0,44550000.0,4455.0,,,,,,,,,,,,,,,,,,,582132.0,,,0.0,,,,,,,,,,,,,-19293.0,,8228.0,-37741.0,,,,,,,,,,,,,,,,,,,,,795677.0,1030984.0,795677.0,956233.0,,69152.0,,,,-37741.0,4220.0,55000.0,18448.0,,15000.0,25000.0,20000.0,40000.0,15000.0,,,,,,,,,,,0.0001,10000000.0,,,3869.0,,,,,,,,,,,,6000.0,,,-291793.0,,,,,235307.0,,,,,,,,,,,44550000.0
2018-09-30,2018-11-13,10-Q,NEVADA CANYON GOLD CORP.,NGLD,CIK0001605481,USD,153700.0,,,,,,522645.0,,,815339.0,4887.0,,1954.0,,1954.0,,,,0.0001,100000000.0,44550000.0,44550000.0,4455.0,-170864.0,,,,,,,,,,,,,,,,,,582132.0,,0.0,,0.0,,,,,2511.0,,,,,,,-145780.0,,3113.0,-170864.0,,,,,,,,,,,,,,,,,,,,,750896.0,815339.0,750896.0,810452.0,,,,,,-170864.0,2508.0,15064.0,10932.0,,15000.0,25000.0,20000.0,40000.0,15000.0,,,,,,,,,,,0.0001,10000000.0,,,2933.0,,,,,,,,,,,,2800.0,,,-462657.0,,,,,64443.0,,,,,,,,,,,44550000.0
2018-12-31,2019-04-01,10-K,NEVADA CANYON GOLD CORP.,NGLD,CIK0001605481,USD,282500.0,,272700.0,,9800.0,,522645.0,,,925780.0,2884.0,,1601.0,,1601.0,-1380.0,,0.0001,0.0001,100000000.0,44550000.0,44550000.0,4455.0,-817935.0,,,,,,-21978.0,,,149788.0,,165527.0,,149788.0,,15739.0,,,822132.0,,-0.02,,-0.02,,0.21,,,122511.0,,,,,,,-415651.0,,257612.0,-839913.0,,-21978.0,,-13606.0,-176382.0,,35584.0,,131700.0,240000.0,,-6966.0,,,,,,,,,1119696.0,925780.0,1119696.0,922896.0,,,30064.0,,-31444.0,-817935.0,13387.0,15064.0,410110.0,,15000.0,25000.0,20000.0,40000.0,15000.0,1200000.0,,,,,,,,,0.0001,0.0001,10000000.0,,,1283.0,,,,15064.0,,1100.0,,,15000.0,,,16600.0,,,-721016.0,,,,,-193916.0,,,,,,,,,,-132426.0,44550000.0
2019-03-31,2019-05-15,10-Q,NEVADA CANYON GOLD CORP.,NGLD,CIK0001605481,USD,292409.0,,282909.0,,9500.0,,522645.0,,,2033286.0,442170.0,,440703.0,,440703.0,439102.0,,,0.0001,100000000.0,44550000.0,44550000.0,4455.0,,,,,,,,,,,,,,,,,,,882232.0,,0.02,,0.02,,,,247524.0,30000.0,,,,7504.0,3772.0,247524.0,890801.0,247524.0,70384.0,1037497.0,,,,,,,,,9909.0,60100.0,,184.0,,,,468.0,468.0,,468.0,,1189705.0,2033286.0,,1591116.0,,,,478077.0,-38975.0,1037497.0,2484.0,15064.0,105068.0,,,,,,,,,,,,,,,,,0.0001,10000000.0,,,1467.0,,,,,,,,,,,478077.0,2200.0,,,316481.0,,,,,843581.0,,,,,,,,,,,44550000.0
2019-06-30,2019-08-13,10-Q,NEVADA CANYON GOLD CORP.,NGLD,CIK0001605481,USD,331133.0,,326633.0,,4500.0,,522645.0,,,2678151.0,,,446861.0,,446861.0,,,,0.0001,100000000.0,44550000.0,44550000.0,4455.0,,,,,,,,,,,,,,,,,,,942232.0,,0.01,,0.01,,,,,30687.0,,,,,19033.0,,624327.0,,63013.0,545041.0,,,,,,,,,,,,,,,,1556.0,,,1556.0,,1289529.0,2678151.0,,2226707.0,,,,,,545041.0,1675.0,16164.0,99875.0,,,,,,,,,,,,,,,,,0.0001,10000000.0,,,4583.0,,,,,,,,,,,,4500.0,,,861522.0,,,,,1388622.0,,,,,,,,,,,44550000.0
2019-09-30,2019-11-12,10-Q,NEVADA CANYON GOLD CORP.,NGLD,CIK0001605481,USD,349000.0,,346500.0,,2500.0,,522645.0,,,1556672.0,427116.0,,424183.0,,424183.0,,,,0.0001,100000000.0,44550000.0,44550000.0,4455.0,,,,,,,,,,,,,,,,,,,1002232.0,,-0.27,,-0.27,,,,,32541.0,,,,,-7729.0,,-1093853.0,,62775.0,-1199346.0,,,,,,,,,,,,,,,,1577.0,,,1577.0,,1367396.0,1556672.0,,1129556.0,,,,,,-1199346.0,2325.0,16164.0,99341.0,,,,,,,,,,,,,,,,,0.0001,10000000.0,,,2933.0,,,,,,,,,,,,1700.0,,,-337824.0,,,,,189276.0,,,,,,,,,,,4455000.0
2019-12-31,2020-03-27,10-K,NEVADA CANYON GOLD CORP.,NGLD,CIK0001605481,USD,351000.0,,340300.0,,10700.0,,526655.0,,,1409285.0,368484.0,,367201.0,,367201.0,365600.0,,0.0001,0.0001,100000000.0,4455093.0,4455093.0,445.0,,,,,,,,,,117890.0,,200655.0,,117890.0,,82765.0,,,1062232.0,,0.04,,0.04,,0.21,,232676.0,138373.0,,,,,5310.0,,345435.0,,251602.0,173805.0,,,,,36499.0,-67026.0,-4602.0,,68500.0,240000.0,,,,,,5118.0,5118.0,,5118.0,,1429396.0,1409285.0,,1030406.0,,10395.0,1200.0,460206.0,-95806.0,173805.0,8159.0,16164.0,414734.0,,,,,,,956000.0,,,,,,,10395.0,,0.0001,0.0001,10000000.0,,,1283.0,,,,,,1100.0,,,100.0,,470601.0,16600.0,,,-547211.0,,,,,-20111.0,,,,,,,,,,-35129.0,4455093.0
2020-03-31,2020-05-08,10-Q,NEVADA CANYON GOLD CORP.,NGLD,CIK0001605481,USD,353500.0,,342800.0,,10700.0,,522645.0,,,1218576.0,493412.0,,491946.0,,491946.0,124745.0,,,0.0001,100000000.0,44550000.0,44550000.0,4455.0,,,,,,,,,,,,,,,,,,,1062232.0,,0.0,-0.04,0.0,,,-36450.0,82280.0,,,,,,-36450.0,,-232587.0,,2859.0,,,,,,,,,,2500.0,,,183.0,,,,1394.0,1394.0,,,,1431896.0,1218576.0,,714769.0,,10395.0,,165330.0,-4135.0,-193209.0,2487.0,16164.0,7846.0,,,,,,,,,,,,,,,,,0.0001,10000000.0,,,1466.0,,,,,,,,,,,165330.0,2500.0,,,-740420.0,,,,,-213320.0,,,,,,,,,,,4455093.0
2020-06-30,2020-08-12,10-Q,NEVADA CANYON GOLD CORP.,NGLD,CIK0001605481,USD,345833.0,,342133.0,,3700.0,,522645.0,,,1463678.0,496560.0,,490394.0,,490394.0,,,,0.0001,100000000.0,44550000.0,44550000.0,4455.0,,,,,,,,,,,,,,,,,,,1062232.0,,0.01,0.06,0.01,,,,,,,,,,18024.0,,241954.0,,2872.0,,,,,,,,,,,,,,,,,488.0,,,,,1424229.0,1463678.0,,956723.0,,10395.0,,,,252769.0,2325.0,16164.0,7697.0,,,,,,,,,,,,,,,,,0.0001,10000000.0,,,6166.0,,,,,,,,,,,,2500.0,,,-487651.0,,,,,39449.0,,,,,,,,,,,4455093.0
2020-09-30,2020-11-09,10-Q,NEVADA CANYON GOLD CORP.,NGLD,CIK0001605481,USD,346500.0,,342700.0,,3800.0,,526655.0,,,1778437.0,862756.0,,857323.0,,857323.0,,,,0.0001,100000000.0,4455000.0,4455000.0,445.0,,,,,,,,,,,,,,,,,,,1062232.0,,0.07,0.07,0.07,,,,86586.0,7349.0,,,,,8811.0,,237226.0,237226.0,2988.0,,,,,,,,,,,,,,,,,481.0,,,,,1424896.0,1778437.0,,905286.0,,10395.0,,,,314092.0,3475.0,16164.0,19012.0,,,,,,,,,,,,,,,,,0.0001,10000000.0,,,5433.0,,,,,,,,,,,,5200.0,,,-173559.0,,,,,353541.0,,,,,,,,,,,4455093.0
2020-12-31,2021-03-03,10-K,NEVADA CANYON GOLD CORP.,NGLD,CIK0001605481,USD,353600.0,,345400.0,,8200.0,,526655.0,,,1700043.0,895106.0,,893823.0,,893823.0,526622.0,,,0.0001,100000000.0,4455093.0,4455093.0,445.0,,,,,,,,,,55842.0,,143886.0,,55842.0,,88044.0,,,1062232.0,,0.06,,0.06,,0.21,30552.0,168866.0,7349.0,,,,,30552.0,,135849.0,,11479.0,288158.0,,,,,60513.0,1771.0,-235.0,,2600.0,,,,,,,2881.0,2881.0,,,,1431996.0,1700043.0,,794542.0,,10395.0,,540579.0,-44509.0,288158.0,10262.0,16164.0,49990.0,,,,,,,685000.0,,,,,,,,,,0.0001,10000000.0,0.0,0.0,1283.0,,,,,,,,,,,540579.0,20900.0,,,-259053.0,,,,,268047.0,,,,,,,,,,62049.0,4455093.0
2021-03-31,2021-05-14,10-Q,NEVADA CANYON GOLD CORP.,NGLD,CIK0001605481,USD,356333.0,,352633.0,,3700.0,,526655.0,,,1795126.0,899807.0,,898341.0,,898341.0,4518.0,,,0.0001,100000000.0,4455093.0,4455093.0,445.0,,,,,,,,,,,,,,,,,,,1062232.0,,,0.02,,,,11028.0,,,,,,,11028.0,,90382.0,,3219.0,,,,,,,,,,2733.0,,,183.0,,,,449.0,449.0,,,,1434729.0,1795126.0,,884924.0,,10395.0,,,-6510.0,92350.0,2790.0,16164.0,9509.0,,,,,,,,,,,,,,,,,0.0001,10000000.0,,,1466.0,,,,,,,,,,,,3500.0,,,-166703.0,,,,,360397.0,,,,,,,,,,,4455093.0
2021-06-30,2021-08-11,10-Q,NEVADA CANYON GOLD CORP.,NGLD,CIK0001605481,USD,384000.0,,380300.0,,3700.0,,526655.0,,,1487938.0,867427.0,,862844.0,,862844.0,,,,0.0001,100000000.0,4455093.0,4455093.0,445.0,,,,,,,,,,,,,,,,,,,1062232.0,,,-0.08,,,,,315.0,,,,,,7380.0,,-312971.0,,24936.0,,,,,,,,,,,,,,,,,182.0,,,,,1462396.0,1487938.0,,570116.0,,50395.0,,,,-334855.0,2325.0,16164.0,29761.0,,,,,,,,,,,,,,,,,0.0001,10000000.0,0.0,0.0,4583.0,,,,,,,,,,,,2500.0,,,-501558.0,,,,,25542.0,,,,,,,,,,,4455093.0
2021-09-30,2021-11-15,10-Q,NEVADA CANYON GOLD CORP.,NGLD,CIK0001605481,USD,386600.0,,382900.0,,3700.0,,676655.0,150000.0,,1522306.0,996570.0,,992891.0,,992891.0,,,,0.0001,100000000.0,4455093.0,4455093.0,445.0,,3.0,,,150000.0,,,,,,,,,,,,,,1062232.0,,,-0.03,,,,,,2543.0,,,,,-13725.0,,,-94775.0,2828.0,,,,,,,,,,,,,,,,,63.0,,,,,1464999.0,1522306.0,,475341.0,,50395.0,,,,-118235.0,1924.0,16164.0,9795.0,,,,,,,,,,,,,,,,,0.0001,10000000.0,0.0,0.0,3679.0,,,,,,,,,,,,2500.0,,,-619793.0,,,,,57307.0,,,,,,,,,,,4455093.0
