end,filed,form,Name,Ticker,CIK,Currency,AccountsPayableCurrent,AccountsPayableRelatedPartiesCurrent,AdditionalPaidInCapital,AdditionalPaidInCapitalCommonStock,AmortizationOfDebtDiscountPremium,AntidilutiveSecuritiesExcludedFromComputationOfEarningsPerShareAmount,Assets,CashAndCashEquivalentsAtCarryingValue,CashAndCashEquivalentsPeriodIncreaseDecrease,CashEquivalentsAtCarryingValue,CashProvidedByUsedInFinancingActivitiesDiscontinuedOperations,ChangeInUnrealizedGainLossOnFairValueHedgingInstruments1,ChangeInUnrealizedGainLossOnHedgedItemInFairValueHedge1,CommonStockParOrStatedValuePerShare,CommonStockSharesAuthorized,CommonStockSharesIssued,CommonStockSharesOutstanding,CommonStockValue,CostsAndExpensesRelatedParty,DebtConversionOriginalDebtInterestRateOfDebt,DebtInstrumentFaceAmount,DebtInstrumentIncreaseAccruedInterest,DebtInstrumentUnamortizedDiscount,DeferredTaxAssetsGross,DeferredTaxAssetsLiabilitiesNet,DeferredTaxAssetsOperatingLossCarryforwards,DeferredTaxAssetsOperatingLossCarryforwardsStateAndLocal,DeferredTaxAssetsTaxDeferredExpenseCompensationAndBenefitsOther,DeferredTaxAssetsValuationAllowance,DerivativeFairValueOfDerivativeLiability,DerivativeLiabilitiesCurrent,DueToOfficersOrStockholdersCurrent,DueToRelatedPartiesCurrent,EarningsPerShareBasic,EarningsPerShareBasicAndDiluted,EarningsPerShareDiluted,EffectiveIncomeTaxRateContinuingOperations,EffectiveIncomeTaxRateReconciliationAtFederalStatutoryIncomeTaxRate,EffectiveIncomeTaxRateReconciliationChangeInDeferredTaxAssetsValuationAllowance,EffectiveIncomeTaxRateReconciliationOtherAdjustments,EffectiveIncomeTaxRateReconciliationStateAndLocalIncomeTaxes,FairValueAdjustmentOfWarrants,FairValueAssumptionsExpectedDividendRate,FairValueAssumptionsExpectedVolatilityRate,FairValueAssumptionsRiskFreeInterestRate,GainLossOnDerivativeInstrumentsNetPretax,GainsLossesOnExtinguishmentOfDebt,GeneralAndAdministrativeExpense,IncomeTaxesPaidNet,IncreaseDecreaseInAccountsPayable,IncreaseDecreaseInAccountsPayableAndAccruedLiabilities,IncreaseDecreaseInAccountsPayableRelatedParties,IncreaseDecreaseInDueToOfficersAndStockholdersCurrent,IncreaseDecreaseInPrepaidExpense,IncrementalCommonSharesAttributableToCallOptionsAndWarrants,InterestExpense,InterestPaid,IssuanceOfStockAndWarrantsForServicesOrClaims,LegalFees,LiabilitiesAndStockholdersEquity,LiabilitiesCurrent,NetCashProvidedByUsedInFinancingActivitiesContinuingOperations,NetCashProvidedByUsedInOperatingActivities,NetCashProvidedByUsedInOperatingActivitiesContinuingOperations,NetIncomeLoss,NonoperatingIncomeExpense,NotesIssued1,NotesPayable,NotesPayableCurrent,OfficersCompensation,OperatingIncomeLoss,OtherLiabilitiesCurrent,PaymentsOfStockIssuanceCosts,PreferredStockParOrStatedValuePerShare,PreferredStockSharesAuthorized,PreferredStockSharesIssued,PreferredStockSharesOutstanding,PreferredStockValue,PrepaidExpenseCurrent,ProceedsFromIssuanceOfCommonStock,ProceedsFromIssuanceOrSaleOfEquity,ProceedsFromNotesPayable,ProfessionalFees,ProfitLoss,RelatedPartyTransactionAmountsOfTransaction,ResearchAndDevelopmentExpense,RetainedEarningsAccumulatedDeficit,Revenues,SaleOfStockConsiderationReceivedOnTransaction,SaleOfStockNumberOfSharesIssuedInTransaction,SaleOfStockPricePerShare,ShareBasedCompensationArrangementByShareBasedPaymentAwardOptionsExercisableNumber,ShareBasedCompensationArrangementByShareBasedPaymentAwardOptionsExercisableWeightedAverageExercisePrice,ShareBasedCompensationArrangementByShareBasedPaymentAwardOptionsGrantsInPeriodGross,ShareBasedCompensationArrangementByShareBasedPaymentAwardOptionsOutstandingIntrinsicValue,ShareBasedCompensationArrangementByShareBasedPaymentAwardOptionsOutstandingNumber,ShareBasedCompensationArrangementByShareBasedPaymentAwardOptionsOutstandingWeightedAverageExercisePrice,ShareBasedCompensationArrangementsByShareBasedPaymentAwardOptionsGrantsInPeriodWeightedAverageExercisePrice,SharebasedCompensationArrangementBySharebasedPaymentAwardOptionsExercisableIntrinsicValue1,SharePrice,StockholdersEquity,StockIssued1,StockIssuedDuringPeriodSharesAcquisitions,StockIssuedDuringPeriodSharesIssuedForServices,StockIssuedDuringPeriodSharesNewIssues,StockIssuedDuringPeriodValueIssuedForServices,StockIssuedDuringPeriodValueNewIssues,WeightedAverageNumberOfDilutedSharesOutstanding,WeightedAverageNumberOfShareOutstandingBasicAndDiluted,WeightedAverageNumberOfSharesOutstandingBasic,AccountsPayableAndAccruedLiabilitiesCurrent,AccruedInvestmentIncomeReceivable,AdjustmentsToAdditionalPaidInCapitalConvertibleDebtWithConversionFeature,AmortizationOfFinancingCostsAndDiscounts,AssetAcquisitionConsiderationTransferred,AssetImpairmentCharges,AssetsCurrent,BusinessAcquisitionEquityInterestIssuedOrIssuableValueAssigned,BusinessCombinationAcquiredReceivablesFairValue,BusinessCombinationRecognizedIdentifiableAssetsAcquiredAndLiabilitiesAssumedCashAndEquivalents,Cash,CashCashEquivalentsRestrictedCashAndRestrictedCashEquivalents,CashCashEquivalentsRestrictedCashAndRestrictedCashEquivalentsPeriodIncreaseDecreaseExcludingExchangeRateEffect,CashFDICInsuredAmount,ConversionOfStockAmountConverted1,CustomerAdvancesOrDepositsNoncurrent,DebtInstrumentPeriodicPayment,DeferredTaxAssetsOther,EffectiveIncomeTaxRateReconciliationOtherReconcilingItemsPercent,EquityMethodInvestments,ExtinguishmentOfDebtGainLossNetOfTax,FinanceLeaseImpairmentLoss,GainLossOnInvestments,ImpairmentOfIntangibleAssetsIndefinitelivedExcludingGoodwill,IncomeLossFromContinuingOperationsBeforeIncomeTaxesMinorityInterestAndIncomeLossFromEquityMethodInvestments,IncomeLossFromEquityMethodInvestments,IncreaseDecreaseInAccruedInterestReceivableNet,IncreaseDecreaseInDueToOfficersAndStockholders,InvestmentIncomeInterest,InvestmentOwnedAtFairValue,Liabilities,LongTermNotesPayable,MarketingAndAdvertisingExpense,NetCashProvidedByUsedInFinancingActivities,NetCashProvidedByUsedInInvestingActivities,NotesAndLoansPayable,NotesReceivableRelatedPartiesCurrent,OperatingLeasesFutureMinimumPaymentsDue,OperatingLeasesFutureMinimumPaymentsDueCurrent,OperatingLeasesFutureMinimumPaymentsDueInTwoYears,OtherAssetImpairmentCharges,PaymentsForAdvanceToAffiliate,PaymentsOfLoanCosts,ProceedsFromCollectionOfAdvanceToAffiliate,ProceedsFromCollectionOfNotesReceivable,ProceedsFromDebtNetOfIssuanceCosts,ProceedsFromIssuanceOfPreferredStockAndPreferenceStock,ProceedsFromIssuanceOfPrivatePlacement,ReceivablesNetCurrent,RepaymentsOfNotesPayable,RepaymentsOfRelatedPartyDebt,ShareBasedCompensation,StockIssuedDuringPeriodValueAcquisitions,TransferOfFinancialAssetsAccountedForAsSalesAmountDerecognized,AccountsAndOtherReceivablesNetCurrent,AccruedFeesAndOtherRevenueReceivable,BusinessCombinationRecognizedIdentifiableAssetsAcquiredGoodwillAndLiabilitiesAssumedNet,ConvertibleNotesPayableCurrent,DebtInstrumentPeriodicPaymentPrincipal,DebtInstrumentUnamortizedDiscountPremiumNet,DebtInstrumentUnamortizedPremiumCurrent,DividendsCommonStockStock,EquityMethodInvestmentAggregateCost,LongTermDebt,NoncashOrPartNoncashAcquisitionDebtAssumed1,NotesAndLoansPayableCurrent,OperatingLeasesFutureMinimumPaymentsDueInThreeYears,PrepaidInterest,ProceedsFromSaleOfNotesReceivable,TemporaryEquityCarryingAmountAttributableToParent,UnamortizedLoanCommitmentAndOriginationFeesAndUnamortizedDiscountsOrPremiums
2015-12-31,2016-02-22,10-Q,Clickstream Corporation,CLIS,CIK0001393548,USD,190938.0,199500.0,1095710.0,,,10000000.0,0.0,0.0,0.0,0.0,0.0,5201.0,5201.0,0.001,300000000.0,62111665.0,62111665.0,6212.0,66000.0,,,,,,,,,,,933020.0,933020.0,45000.0,,-0.02,-0.01,,,,,,,938000.0,0.0,1.51,0.0176,5000.0,,5000.0,0.0,,,136000.0,,,,,0.0,138000.0,20000.0,0.0,1704008.0,,0.0,,-1207000.0,5000.0,,,,32000.0,-1212000.0,335550.0,,0.001,5000000.0,0.0,0.0,0.0,,0.0,3000000.0,,1141000.0,-1207172.0,14000.0,0.0,-2805930.0,0.0,,,0.1,10000000.0,0.05,10000000.0,0.0,10000000.0,0.05,0.05,0.0,0.1,-1704008.0,,,1375000.0,,-137500.0,,,61364382.0,,,,,,,,,,,,,,,,,,,,,,,,,,,,,,,,,,,,,,,,,,,,,,,,,,,,,,,,,,,,,,,,,,,,,,,,
2016-03-31,2016-05-24,10-Q,Clickstream Corporation,CLIS,CIK0001393548,USD,233563.0,253700.0,1095710.0,,,,0.0,0.0,,0.0,,-7283198.0,,0.0001,300000000.0,62111665.0,62111665.0,6212.0,52000.0,,,,,,,,,,,8216219.0,8216219.0,45000.0,,-0.12,-0.12,,,,,,,,,,,-7283000.0,,5000.0,,,,,,,,,,,,0.0,9084032.0,,,,-7380000.0,-7283000.0,,,,,-97000.0,335550.0,,0.001,5000000.0,0.0,0.0,0.0,,,,,40000.0,,,0.0,-10185954.0,0.0,,,0.1,10000000.0,0.05,,0.0,10000000.0,0.05,,0.0,0.84,-9084032.0,,,,,,,,62111665.0,,,,,,,,,,,,,,,,,,,,,,,,,,,,,,,,,,,,,,,,,,,,,,,,,,,,,,,,,,,,,,,,,,,,,,,,
2016-06-30,2016-09-19,10-Q,Clickstream Corporation,CLIS,CIK0001393548,USD,292061.0,320533.0,1095710.0,,,832855.0,9803.0,303.0,,303.0,,7010944.0,,0.0001,300000000.0,62111665.0,62111665.0,6212.0,67000.0,,,,,,,,,,,1205275.0,1205275.0,45000.0,,0.11,,0.1,,,,,,,,,,7011000.0,,13000.0,,,,,,,9167145.0,,,,,9803.0,2208419.0,,,,6885000.0,7011000.0,,,10000.0,,-126000.0,335550.0,,0.001,5000000.0,0.0,0.0,0.0,9500.0,,,,15000.0,,,31000.0,-3300538.0,0.0,,,0.1,10000000.0,0.05,,0.0,10000000.0,0.05,,800000.0,0.13,-2198616.0,,,,,,,71278810.0,,62111665.0,,,,,,,,,,,,,,,,,,,,,,,,,,,,,,,,,,,,,,,,,,,,,,,,,,,,,,,,,,,,,,,,,,,,,,,
2016-09-30,2017-08-31,10-K,Clickstream Corporation,CLIS,CIK0001393548,USD,303000.0,338000.0,,1850940.0,,,,,,,,,,0.0001,300000000.0,70597353.0,70597353.0,7060.0,470000.0,,,,,985000.0,985000.0,687000.0,1700000.0,183000.0,985000.0,338000.0,338000.0,45000.0,2000.0,-0.016,,,0.0,0.34,1.0,0.83,-0.06,938000.0,0.0,1.48,0.0114,600000.0,,36000.0,,213000.0,,272000.0,2000.0,,,,,458000.0,60000.0,,746000.0,10000.0,,-10000.0,-1005000.0,888000.0,,,10000.0,126000.0,-1893000.0,,,0.001,5000000.0,0.0,0.0,,,,,10000.0,1175000.0,,95000.0,212000.0,-2604000.0,,,,,10000000.0,0.05,10000000.0,0.0,10000000.0,0.05,0.05,,0.04,-746000.0,97000.0,,,,458000.0,,,62224297.0,,,,,,,,,,,,,,,,,,,,,,,,,,,,,,,,,,,,,,,,,,,,,,,,,,,,,,,,,,,,,,,,,,,,,,,,
2016-12-31,2017-08-31,10-Q,Clickstream Corporation,CLIS,CIK0001393548,USD,306000.0,414000.0,,1850940.0,,,,,,,,,,0.0001,300000000.0,70597353.0,70597353.0,7060.0,82000.0,,,,,,,,,,,,,45000.0,2000.0,0.0,,,,,,,,,,,,,,4000.0,,,,79000.0,,,,,,,20000.0,,840000.0,15000.0,,-15000.0,-94000.0,,,,25000.0,32000.0,-94000.0,,,0.001,5000000.0,0.0,0.0,,,,,15000.0,8000.0,,30000.0,,-2698000.0,,,,,10000000.0,0.05,,0.0,10000000.0,0.05,,0.0,,-840000.0,,,,,,,,70597353.0,,,,,,,,,,,,,,,,,,,,,,,,,,,,,,,,,,,,,,,,,,,,,,,,,,,,,,,,,,,,,,,,,,,,,,,,
2017-03-31,2017-08-31,10-Q,Clickstream Corporation,CLIS,CIK0001393548,USD,274000.0,279000.0,,2116055.0,,,,,,,,,,0.0001,300000000.0,79447881.0,79447881.0,7945.0,61000.0,,,,,,,,,,,,,45000.0,2000.0,0.0,,,,,,,,,,,,,11000.0,3000.0,,,,,,,,,,,,,673000.0,,,,-99000.0,11000.0,,,25000.0,,-110000.0,,,0.001,5000000.0,0.0,0.0,,,,,,10000.0,,,36000.0,-2797000.0,,,,,10000000.0,0.05,,0.0,10000000.0,0.05,,0.0,,-673000.0,,,,,,,,70898645.0,,,,,,,,,,,,,,,,,,,,,,,,,,,,,,,,,,,,,,,,,,,,,,,,,,,,,,,,,,,,,,,,,,,,,,,,
2017-06-30,2017-08-31,10-Q,Clickstream Corporation,CLIS,CIK0001393548,USD,215000.0,378000.0,,2138755.0,,,,,,,,,,0.0001,300000000.0,82447881.0,82447881.0,8245.0,75000.0,,45000.0,,7000.0,,,,,,,,,45000.0,2000.0,0.0,,0.0,,,,,,,,,,,,4000.0,,,,,,,,3000.0,,,,,736000.0,,,,-86000.0,-3000.0,,55000.0,48000.0,,-83000.0,,,0.001,5000000.0,,,,,,,,4000.0,,,,-2883000.0,,,,,10000000.0,0.05,,0.0,10000000.0,0.05,,0.0,,-736000.0,,,,,,,79836770.0,,79836770.0,,,,,,,,,,,,,,,,,,,,,,,,,,,,,,,,,,,,,,,,,,,,,,,,,,,,,,,,,,,,,,,,,,,,,,,
2021-09-30,2022-02-11,10-K,Clickstream Corporation,CLIS,CIK0001393548,USD,,,14464000.0,,375000.0,400000000.0,1185000.0,,,,,,,0.0001,2000000000.0,279437804.0,279437804.0,28000.0,,,1875000.0,,,1929000.0,,1921000.0,,,1929000.0,,,,,,-0.03,,0.0,0.21,,0.08,-0.03,,,,,,,5603000.0,,,63000.0,,,-1003000.0,,,,,,1185000.0,207000.0,,-3562000.0,,-7786000.0,-352000.0,,,,,-7347000.0,,,,,,,,102000.0,,,1500000.0,924000.0,-7786000.0,,692000.0,-13564000.0,,,,,,,,,,,,,,928000.0,,,,,221000.0,,,238850782.0,,207000.0,41000.0,,375000.0,192000.0,128000.0,1080000.0,,17000.0,175000.0,422000.0,422000.0,-2593000.0,172000.0,35000000.0,,1750000.0,8000.0,0.16,105000.0,,128000.0,-18000.0,128000.0,-7699000.0,-174000.0,41000.0,,41000.0,,207000.0,,260000.0,1359000.0,-390000.0,,556000.0,737000.0,803000.0,543000.0,128000.0,315000.0,7000.0,,425000.0,1500000.0,,,515000.0,125000.0,9000.0,221000.0,128000.0,661000.0,,41000.0,,,,62000.0,,,,,,,194000.0,,,50000.0,
2021-12-31,2022-02-22,10-Q,Clickstream Corporation,CLIS,CIK0001393548,USD,,,15789000.0,,27000.0,426749254.0,1121000.0,,,,,,,0.0001,2000000000.0,302785338.0,302785338.0,30000.0,,,169000.0,,,,,,,,,,,,,,-0.01,,,,,,,,,,,,,1701000.0,,,-17000.0,,,141000.0,,69000.0,,,,1121000.0,925000.0,,-1525000.0,,-2109000.0,-221000.0,,,,,-1783000.0,,,,,,,,243000.0,,,654000.0,,-2109000.0,,82000.0,-15673000.0,,,,,,,,,,,,,,146000.0,,,,,422000.0,750000.0,,292990766.0,,181000.0,21000.0,,62000.0,,128000.0,1121000.0,,17000.0,175000.0,726000.0,726000.0,304000.0,225000.0,,,,,,,146000.0,,15000.0,,-2004000.0,-105000.0,21000.0,,21000.0,,925000.0,,0.0,1404000.0,425000.0,,152000.0,,,,,,,425000.0,,,,750000.0,90000.0,,,423000.0,,152000.0,,62000.0,192000.0,744000.0,425000.0,104000.0,62000.0,9000.0,105000.0,218000.0,131000.0,526000.0,,17000.0,425000.0,50000.0,-14000.0
