end,filed,form,Name,Ticker,CIK,Currency,AccountsPayableAndAccruedLiabilitiesCurrent,AccountsPayableRelatedPartiesCurrent,AccumulatedOtherComprehensiveIncomeLossNetOfTax,AdditionalPaidInCapital,AmortizationOfDebtDiscountPremium,AmortizationOfIntangibleAssets,AntidilutiveSecuritiesExcludedFromComputationOfEarningsPerShareAmount,Assets,AssetsCurrent,BankOverdrafts,CapitalizedComputerSoftwareAccumulatedAmortization,Cash,CashAndCashEquivalentsAtCarryingValue,CashAndCashEquivalentsPeriodIncreaseDecrease,CashPeriodIncreaseDecrease,CommitmentsAndContingencies,CommonStockParOrStatedValuePerShare,CommonStockShareSubscribedButUnissuedSubscriptionsReceivable,CommonStockSharesAuthorized,CommonStockSharesIssued,CommonStockSharesOutstanding,CommonStockSharesSubscriptions,CommonStockValue,ComprehensiveIncomeNetOfTax,ConvertibleDebtCurrent,ConvertibleNotesPayableCurrent,DebtConversionConvertedInstrumentAmount1,DebtConversionConvertedInstrumentSharesIssued1,DebtConversionOriginalDebtAmount1,DebtCurrent,DebtInstrumentDecreaseForgiveness,DebtInstrumentIncreaseDecreaseOtherNet,DeferredTaxAssetsGross,DeferredTaxAssetsNet,DeferredTaxAssetsValuationAllowance,DepositAssets,DueToRelatedPartiesCurrent,EarningsPerShareBasicAndDiluted,EffectiveIncomeTaxRateContinuingOperations,EffectOfExchangeRateOnCashAndCashEquivalents,ForeignCurrencyTransactionGainBeforeTax,ForeignCurrencyTransactionGainLossRealized,ForeignCurrencyTransactionGainLossUnrealized,GainsLossesOnExtinguishmentOfDebt,GeneralAndAdministrativeExpense,IncomeTaxesPaid,IncomeTaxReconciliationChangeInDeferredTaxAssetsValuationAllowance,IncreaseDecreaseInAccountsPayableAndAccruedLiabilities,IncreaseDecreaseInAccountsPayableRelatedParties,IncreaseDecreaseInAccountsReceivable,IncreaseDecreaseInAccruedInterestReceivableNet,IncreaseDecreaseInCustomerAdvancesAndDeposits,IncreaseDecreaseInInterestPayableNet,IncreaseDecreaseInOtherReceivables,IncreaseDecreaseInPrepaidRent,InterestExpense,InterestIncomeOperating,InterestPaid,InterestPaidNet,InterestPayable,InterestPayableCurrent,LeaseAndRentalExpense,Liabilities,LiabilitiesAndStockholdersEquity,LiabilitiesCurrent,LineOfCreditFacilityCommitmentFeePercentage,LoansPayableCurrent,NetCashProvidedByUsedInFinancingActivities,NetCashProvidedByUsedInInvestingActivities,NetCashProvidedByUsedInOperatingActivities,NetIncomeLoss,NotesAndLoansPayableCurrent,NotesPayableRelatedPartiesClassifiedCurrent,NotesPayableRelatedPartiesCurrent,OperatingExpenses,OperatingIncomeLoss,OperatingLossCarryforwards,OtherAssets,OtherExpenses,OtherIncome,OtherLiabilitiesCurrent,OtherNonoperatingIncomeExpense,PaymentsForLoans,PaymentsToAcquireAssetsInvestingActivities,ProceedsFromCollectionOfNotesReceivable,ProceedsFromConvertibleDebt,ProceedsFromIssuanceOfCommonStock,ProceedsFromIssuanceOrSaleOfEquity,ProceedsFromLoans,ProceedsFromNotesPayable,ProceedsFromRelatedPartyDebt,ProceedsFromRepaymentsOfBankOverdrafts,ProceedsFromRepaymentsOfNotesPayable,ProfessionalFees,RepaymentsOfDebt,RepaymentsOfRelatedPartyDebt,ResearchAndDevelopmentExpense,RetainedEarningsAccumulatedDeficit,Revenues,SalariesAndWages,ShortTermBankLoansAndNotesPayable,StockholdersEquity,StockIssued1,StockIssuedDuringPeriodSharesIssuedForCash,StockIssuedDuringPeriodSharesNewIssues,StockIssuedDuringPeriodSharesOther,StockIssuedDuringPeriodValueAcquisitions,StockIssuedDuringPeriodValueConversionOfConvertibleSecurities,StockIssuedDuringPeriodValueConversionOfConvertibleSecuritiesNetOfAdjustments,StockIssuedDuringPeriodValueIssuedForCash,StockIssuedDuringPeriodValueNewIssues,StockIssuedDuringPeriodValueOther,ValuationAllowanceDeferredTaxAssetChangeInAmount,WeightedAverageNumberOfShareOutstandingBasicAndDiluted,WeightedAverageNumberOfSharesOutstandingBasic,CashCashEquivalentsRestrictedCashAndRestrictedCashEquivalentsPeriodIncreaseDecreaseExcludingExchangeRateEffect
2008-05-31,2008-09-15,10-K,PREAXIA HEALTH CARE PAYMENT SYSTEMS INC.,PAXH,CIK0001350156,USD,,,,,,,,,,,,,,,,,,,,,,,,,,,,,,,,,,,,,,,,,,,-810.0,,,,,,,,,,,,,,,,,,,,,,,,,,,,-23998.0,,,,,,,,,,,,,,,,,,,,,,,,,,,,,,,27906.0,,,,,,,,,,,,,,
2009-05-31,2009-09-08,10-K,PREAXIA HEALTH CARE PAYMENT SYSTEMS INC.,PAXH,CIK0001350156,USD,,,,,,,,,,,,,,,,,,,,,,,,,,,,,,,,,,,,,,,,,,,1295.0,,,,,,,,,,,,,,,,,,,,,,,,,,,,-333982.0,,,,,,,,,,,,,,,,,,,,,,,,,,,,,,,-276286.0,,,,,,,,,,,,,,
2010-05-31,2010-09-14,10-K,PREAXIA HEALTH CARE PAYMENT SYSTEMS INC.,PAXH,CIK0001350156,USD,,,,,,,,,,,,,4047.0,,,,,,,,,,,,,,,,,,,,,,,,,,,,,,-896.0,,,,,,,,,,,,,,,,,,,,,,,,,,,,-743192.0,,,,,,,,,,,,,,,,,,,,,,,,,,,,,,,-900374.0,,,,,,,,120000.0,,,,,,
2010-08-31,2010-10-20,10-Q,PREAXIA HEALTH CARE PAYMENT SYSTEMS INC.,PAXH,CIK0001350156,USD,,,,,,,,,,,,,14759.0,,10712.0,,,,,,,,,-213342.0,,,,,,,,,,,,,,-0.01,,-5146.0,,-7167.0,,,12966.0,,,-12930.0,204911.0,,,,52.0,,,-3195.0,,,,,,4032.0,,,,,,30000.0,,-14142.0,-206175.0,,,,,-202980.0,,,,,,,,,,,30000.0,,,,,,,14886.0,,,116684.0,,,24412.0,,,,,,,,,,,,,,,15895109.0,
2010-11-30,2011-01-14,10-Q,PREAXIA HEALTH CARE PAYMENT SYSTEMS INC.,PAXH,CIK0001350156,USD,,,,,,,,,,,,,55450.0,,,,,,,,,,,-264604.0,,,,,,,,,,,,,,-0.02,,,,-16204.0,,,10034.0,,,,,,,,,,,-4256.0,,,,,,5229.0,,,,,,,,,-253400.0,,,,,-249144.0,,,,,,,,,,,,,,,,,,38542.0,,,141359.0,,,23980.0,,,,,,,,,,,,,,,15982198.0,
2011-02-28,2011-04-14,10-Q,PREAXIA HEALTH CARE PAYMENT SYSTEMS INC.,PAXH,CIK0001350156,USD,,,,,,,,,,,,,160574.0,,,,,,,,,,,-311614.0,,,,,,,,,,,,,,-0.02,,,,-10040.0,,,15081.0,,,,,,,,,,,-7144.0,,,,,,4217.0,,,,,,,,,-301574.0,,,,,-294430.0,,,,,,,,,,,,,,,,,,32115.0,,,186501.0,,,26516.0,,,,,,,,,,,,,,,16278036.0,
2011-05-31,2011-10-21,10-K,PREAXIA HEALTH CARE PAYMENT SYSTEMS INC.,PAXH,CIK0001350156,USD,148401.0,985808.0,-2523.0,932091.0,,,,1205.0,,19297.0,,,,,-4047.0,,0.001,,75000000.0,16677500.0,,,16618.0,-1154671.0,59131.0,59131.0,,,,,,,,,,1205.0,,-0.07,,,-32261.0,-2112.0,-2112.0,,95631.0,,,14925.0,374374.0,,7851.0,,,,,-7851.0,19.0,,,9619.0,9619.0,17841.0,,1205.0,1308750.0,,,751362.0,,-755409.0,-1152559.0,,86494.0,86494.0,1112466.0,-1112466.0,,1205.0,,,,,,,,,722500.0,,,,9580.0,19282.0,,126876.0,,,649324.0,-2253731.0,,102794.0,,-1307545.0,25000.0,,,,,25000.0,,722500.0,,,,,16115014.0,
2011-08-31,2013-05-17,10-Q,PREAXIA HEALTH CARE PAYMENT SYSTEMS INC.,PAXH,CIK0001350156,USD,160937.0,1104964.0,-2478.0,992031.0,,,,27473.0,26268.0,,,26268.0,26268.0,,26268.0,,0.001,,75000000.0,16677500.0,,,16678.0,-160519.0,,60061.0,,,,,,,,,,1205.0,,-0.01,,-17.0,736.0,45.0,,,10241.0,,,12545.0,119194.0,,,,4287.0,,,-4287.0,,,,12976.0,,4319.0,,27473.0,1435537.0,,,50823.0,,-24538.0,-160564.0,,,96599.0,,-157061.0,,1205.0,,,,,,,,,60000.0,,,,10105.0,-19282.0,,24331.0,,,79341.0,-2414295.0,,8829.0,,-1408064.0,,,,,,,,,,,,,16677500.0,
2011-11-30,2013-05-17,10-Q,PREAXIA HEALTH CARE PAYMENT SYSTEMS INC.,PAXH,CIK0001350156,USD,119232.0,1126780.0,-2403.0,1066956.0,,,,4175.0,2970.0,,,2970.0,2970.0,,,,0.001,,75000000.0,16677500.0,,,16753.0,-78338.0,,61463.0,,,,,,,,,,1205.0,,0.0,,,15928.0,,,,12907.0,,,,,,,,,,,-3441.0,,,,15016.0,,4186.0,,4175.0,1415505.0,,,,,,-78338.0,,,93014.0,,-90825.0,,1205.0,,12487.0,,,,,,,,,,,,,,0.0,,,29565.0,-2492636.0,,14167.0,,-1411330.0,,,,,,,,,,,,,16677500.0,
2012-02-29,2013-05-20,10-Q,PREAXIA HEALTH CARE PAYMENT SYSTEMS INC.,PAXH,CIK0001350156,USD,120730.0,989990.0,-1995.0,1521072.0,,,,10596.0,9121.0,,,9121.0,9121.0,,,,0.001,,75000000.0,16677500.0,,,17207.0,-148240.0,,,,,,,,,,,,1475.0,,-0.01,,,-8739.0,-408.0,,,23382.0,,,,,,,,,,,-3704.0,,,,4060.0,,5833.0,,10596.0,1114780.0,,,,,,-147832.0,,,,,-135389.0,,1475.0,,,,,,,,,,,,,,,,0.0,,,55157.0,-2640468.0,,21017.0,,-1104184.0,,,,,,,,,,,,,17207070.0,
2012-05-31,2013-08-29,10-K,PREAXIA HEALTH CARE PAYMENT SYSTEMS INC.,PAXH,CIK0001350156,USD,129249.0,627525.0,-1545.0,1620797.0,,,,8468.0,8468.0,,,8468.0,8468.0,,11451.0,,0.001,-170.0,75000000.0,17652082.0,,,17652.0,-568787.0,,,334570.0,344570.0,,,,,,-1061400.0,1061400.0,1475.0,,-0.03,,6809.0,1772.0,978.0,978.0,,78134.0,,213000.0,-19153.0,243999.0,,12702.0,,12701.0,,-271.0,-12701.0,1.0,,,,5326.0,18541.0,,8468.0,1195230.0,,,332673.0,,-328031.0,-569765.0,433130.0,,,558884.0,-558884.0,,1475.0,,-10881.0,,,,,,,344999.0,,,,6960.0,-19286.0,,36331.0,,,240596.0,-2823496.0,,65282.0,,-1186762.0,344570.0,420000.0,,,,344570.0,,345000.0,,,,,17652082.0,
2012-08-31,2014-03-31,10-Q,PREAXIA HEALTH CARE PAYMENT SYSTEMS INC.,PAXH,CIK0001350156,USD,139705.0,,-2127.0,1645747.0,,,,66719.0,15611.0,,,15611.0,15610.0,,7142.0,,0.001,-120.0,75000000.0,17652082.0,,,17652.0,-69938.0,,,,,,,,,,,,,,-0.01,,-582.0,-2122.0,-582.0,,,9948.0,,,10456.0,53992.0,,,,759.0,,,-760.0,,,,,6087.0,3024.0,,66719.0,1298420.0,,,62981.0,-51108.0,-4149.0,-69356.0,471111.0,,,66474.0,-66474.0,,51108.0,,-2882.0,,,,-51108.0,,,25000.0,,,,37981.0,,,,,,,-2892852.0,,21016.0,,-1231701.0,,50000.0,,,,,,25000.0,,,,,17652082.0,
2012-11-30,2014-03-31,10-Q,PREAXIA HEALTH CARE PAYMENT SYSTEMS INC.,PAXH,CIK0001350156,USD,148588.0,713075.0,-1931.0,1705628.0,,,,104865.0,20000.0,,,20000.0,20000.0,,,,0.001,,75000000.0,17652082.0,,,17652.0,-57214.0,,,,,,,,,,,,,,0.0,,,1371.0,196.0,,,7590.0,,,,,,,,,,,-1069.0,1.0,,,,7155.0,1368.0,,104865.0,1333781.0,,,,,,-57411.0,464961.0,,,57713.0,-57713.0,,84865.0,,303.0,,,,,,,,,,,,,,,,,,-2950263.0,,18244.0,,-1228914.0,,,,,,,,,,,,,16652082.0,
2013-02-28,2014-03-31,10-Q,PREAXIA HEALTH CARE PAYMENT SYSTEMS INC.,PAXH,CIK0001350156,USD,152714.0,769103.0,-1509.0,1705628.0,,,,118467.0,19254.0,,,19254.0,19255.0,,,,0.001,,75000000.0,17652082.0,,,17652.0,-44587.0,,,,,,,,,,,,,,0.0,,,2919.0,422.0,,,6473.0,,,,,,,,,,,-956.0,1.0,,,,8113.0,,,118467.0,1391968.0,,,,,,-45009.0,462038.0,,,46973.0,-46973.0,,99213.0,,1964.0,,,,,,,,,,,,,,,,,,-2995272.0,,,,-1273501.0,,,,,,,,,,,,,16652082.0,
2013-05-31,2014-04-01,10-K,PREAXIA HEALTH CARE PAYMENT SYSTEMS INC.,PAXH,CIK0001350156,USD,156691.0,817094.0,-1240.0,1705628.0,,,,115402.0,13251.0,,,13251.0,13251.0,,4783.0,,0.001,,75000000.0,17652082.0,,,17652.0,-225399.0,,,,,,,,,,-1145700.0,1145700.0,,,-0.01,,305.0,4072.0,305.0,305.0,,27025.0,,84900.0,220677.0,189570.0,,,,3662.0,,,-3664.0,1.0,,,,8992.0,4392.0,,115402.0,1442563.0,,,111657.0,-102151.0,-5028.0,-225705.0,459786.0,,,226113.0,-226113.0,,102151.0,,408.0,,,,-102151.0,,,85001.0,,,,26656.0,,,16251.0,,,,-3049201.0,,39260.0,,-1327164.0,,,,,,,,85001.0,,,,17652082.0,17652082.0,
2013-08-31,2014-04-02,10-Q,PREAXIA HEALTH CARE PAYMENT SYSTEMS INC.,PAXH,CIK0001350156,USD,155750.0,,-1373.0,1705628.0,,,,113775.0,11624.0,,,11624.0,11264.0,,-1627.0,,0.001,,75000000.0,17652082.0,,,17652.0,-69810.0,,,,,,,,,,,,,,0.0,,-1076.0,5785.0,-133.0,,,4611.0,,,-5397.0,73757.0,,,,766.0,,,-766.0,,,,,9757.0,,,113775.0,1510746.0,,,,,-551.0,-69677.0,455241.0,,,74695.0,-74695.0,,102151.0,-5018.0,5784.0,,,,,,,,,,,,,,18706.0,,,21378.0,-3118878.0,,,,-1396971.0,,,,,,,,,,,,,16652082.0,
2013-11-30,2014-04-02,10-Q,PREAXIA HEALTH CARE PAYMENT SYSTEMS INC.,PAXH,CIK0001350156,USD,155644.0,923713.0,-1074.0,1705628.0,,,,112885.0,10734.0,,,10734.0,10735.0,,,,0.001,,75000000.0,17652082.0,,,17652.0,-33258.0,,,,,,,,,,,,,,0.0,,,1764.0,299.0,,,2535.0,,,,,,,,,,,-523.0,,,,,10280.0,,,112885.0,1543114.0,,,,,,-35321.0,453477.0,,,34798.0,-34798.0,,102151.0,-523.0,1241.0,,,,,,,,,,,,,,1000.0,,,1263.0,-3152435.0,,,,-1430229.0,,,,,,,,,,,,,16652082.0,
2014-02-28,2014-04-21,10-Q,PREAXIA HEALTH CARE PAYMENT SYSTEMS INC.,PAXH,CIK0001350156,USD,157118.0,957666.0,-1074.0,1705628.0,,,,113535.0,11384.0,,,11384.0,11384.0,,,,0.001,,75000000.0,17652082.0,,,17652.0,-33702.0,,,,,,,,,,,,,,0.0,,,1764.0,299.0,,,4778.0,,,,,,,,,,,-987.0,,,,,11269.0,,,113535.0,1579529.0,,,,,,-35765.0,453476.0,,,34778.0,-34778.0,,102151.0,-987.0,-987.0,,,,,,,,,,,,,,,,,,-3188200.0,,,,-1465994.0,,,,,,,,,,,,,16652082.0,
2014-05-31,2014-08-29,10-K,PREAXIA HEALTH CARE PAYMENT SYSTEMS INC.,PAXH,CIK0001350156,USD,183717.0,961441.0,14138.0,1705628.0,,,,110683.0,8532.0,,,8532.0,8532.0,,-4719.0,,0.001,,75000000.0,17652082.0,,,17652.0,-166326.0,,,,,,,,,,-1211600.0,1211600.0,,,-0.01,,15378.0,,15378.0,15378.0,31090.0,15419.0,,65900.0,119438.0,,,,,,,,-3504.0,1.0,,,,12496.0,,,110683.0,1604173.0,,,11079.0,,-31176.0,-181704.0,446519.0,,,209291.0,-209291.0,,102151.0,,31090.0,,,,,,,,,,,25000.0,,,28706.0,-13921.0,,39666.0,-3230908.0,,,,-1493490.0,,,,,,,,,,,,17652082.0,,
2014-08-31,2014-10-10,10-Q,PREAXIA HEALTH CARE PAYMENT SYSTEMS INC.,PAXH,CIK0001350156,USD,181199.0,994257.0,14030.0,1705628.0,,8513.0,,98773.0,5135.0,,-8513.0,5135.0,5135.0,,-3289.0,,0.001,,75000000.0,17652082.0,,,17652.0,-43303.0,,,,,,,,,,,,,,0.0,,-108.0,763.0,-871.0,,,3750.0,0.0,,-2403.0,32816.0,,,,980.0,0.0,0.0,-980.0,,0.0,,,13476.0,0.0,,98773.0,1635565.0,,,0.0,0.0,-3289.0,-43195.0,446633.0,,,42263.0,-42263.0,,93638.0,-932.0,48.0,,,,,,,,,,,,,,,,,,-3274102.0,,,,-1536792.0,,,,,,,,,,,,,17652082.0,
2014-11-30,2015-01-20,10-Q,PREAXIA HEALTH CARE PAYMENT SYSTEMS INC.,PAXH,CIK0001350156,USD,180794.0,1025838.0,20325.0,1705628.0,,8512.0,,89534.0,4408.0,,-17025.0,4408.0,4408.0,,,,0.001,,75000000.0,17652082.0,,,17652.0,-34968.0,,,,,,,,,,,,,,0.0,,,5424.0,871.0,,,2171.0,,,,,,,,,,,-580.0,,,,,14056.0,,,89534.0,1661295.0,,,,,,-41263.0,440607.0,,,40683.0,-40683.0,,85126.0,-580.0,0.0,,,,,,,,,,,,,,0.0,,,,-3315365.0,,,,-1571760.0,,,,,,,,,,,,,17652082.0,
2015-02-28,2015-04-20,10-Q,PREAXIA HEALTH CARE PAYMENT SYSTEMS INC.,PAXH,CIK0001350156,USD,177916.0,1057337.0,44284.0,1705628.0,,8512.0,,79593.0,2980.0,,-25538.0,2980.0,2980.0,,,,0.001,,75000000.0,17652082.0,,,17652.0,-16058.0,,,,,,,,,,,,,,0.0,,,0.0,23959.0,,,2159.0,,,,,,,,,,,654.0,,,,,13402.0,,,79593.0,1667413.0,,,,,,-40017.0,418758.0,,,40671.0,-40671.0,,76613.0,654.0,0.0,,,,,,,,,,,,,,0.0,,,0.0,-3355384.0,,,,-1587820.0,,,,,,,,,,,,,17652082.0,
2015-05-31,2015-09-01,10-K,PREAXIA HEALTH CARE PAYMENT SYSTEMS INC.,PAXH,CIK0001350156,USD,213576.0,1088044.0,42134.0,1705628.0,,34050.0,,71163.0,3062.0,,-34050.0,3062.0,3062.0,,-5470.0,,0.001,,75000000.0,17652082.0,,0.0,17652.0,-171124.0,,,,,,,,,,-1279301.0,1279301.0,,,-0.01,,1292.0,,27996.0,27996.0,,12082.0,,67701.0,29859.0,126603.0,,,,1846.0,,,-7019.0,,,,,14342.0,,,71163.0,1735777.0,,,,,-6762.0,-199120.0,419815.0,,,192149.0,-192149.0,,68101.0,,,,,,,,,,,,,,,,13500.0,,,,-3430028.0,,,,-1664614.0,,,,,,,,,,,,17652082.0,,
2015-08-31,2015-10-15,10-Q,PREAXIA HEALTH CARE PAYMENT SYSTEMS INC.,PAXH,CIK0001350156,USD,213576.0,1118124.0,53031.0,1705628.0,,8513.0,,62064.0,2476.0,,-42563.0,2476.0,2476.0,,-586.0,,0.001,,75000000.0,17652082.0,,,17652.0,-29144.0,,,,,0.0,,,,,,,,,0.0,,0.0,0.0,10897.0,,,666.0,0.0,,0.0,30080.0,,,,862.0,0.0,0.0,862.0,,0.0,,,15204.0,0.0,,62064.0,1755822.0,,,0.0,0.0,-586.0,-40041.0,408918.0,,,39179.0,-39179.0,,59588.0,-862.0,0.0,,,,,,,,0.0,,,,,,,,,0.0,-3470069.0,,,,-1693758.0,,,,,,,,,,,,17652082.0,17652082.0,
2015-11-30,2016-01-13,10-Q,PREAXIA HEALTH CARE PAYMENT SYSTEMS INC.,PAXH,CIK0001350156,USD,213070.0,1157825.0,55557.0,1705628.0,,8512.0,,53732.0,2656.0,,-51075.0,2656.0,2656.0,,,,0.001,,75000000.0,17652082.0,,,17652.0,-46583.0,,,,,,,,,,,,,,0.0,,,0.0,2525.0,,,3743.0,,,,,,,,,,,853.0,,,,,16057.0,,,53732.0,1794072.0,,,,,,-49108.0,407120.0,,,48255.0,-48255.0,,51076.0,-853.0,0.0,,,,,,,,,,,,,,6000.0,,,,-3519177.0,,,,-1740340.0,,,,,,,,,,,,17652082.0,17652082.0,
2016-02-29,2016-04-19,10-Q,PREAXIA HEALTH CARE PAYMENT SYSTEMS INC.,PAXH,CIK0001350156,USD,220830.0,1177922.0,59259.0,1705628.0,,8513.0,,44545.0,1982.0,,-59588.0,1982.0,1982.0,,,,0.001,,75000000.0,17652082.0,,22467.0,17652.0,-80489.0,,,,,,,,,,,,,,0.0,,,0.0,3703.0,,,2102.0,,,,,,,,,,,24556.0,,,,,39313.0,,,44545.0,1865374.0,,,,,,-84192.0,404842.0,,,59636.0,-59636.0,,42563.0,24556.0,0.0,,,,,,,,,,,,,,1510.0,,,6103.0,-3603368.0,,,,-1820829.0,,,,,,,,,,,,,17652082.0,
2016-05-31,2016-09-07,10-K,PREAXIA HEALTH CARE PAYMENT SYSTEMS INC.,PAXH,CIK0001350156,USD,222072.0,960376.0,52747.0,1993451.0,,34050.0,,41201.0,7151.0,,,7151.0,7151.0,,4089.0,,0.001,,75000000.0,18228882.0,,35062.0,18229.0,-254985.0,,,,,254700.0,,,,,-1372572.0,1372572.0,,,-0.01,,1253.0,,10613.0,10613.0,,13573.0,,93271.0,8496.0,127032.0,,,,30093.0,,,-30880.0,,,,,44435.0,,,41201.0,1672400.0,,,57528.0,,-54692.0,-265598.0,410455.0,,,234718.0,-234718.0,,34050.0,,,,,,,,,,57528.0,,,,,,9010.0,,,31643.0,-3695626.0,,,,-1631199.0,,,,,,,,,288400.0,,,17792342.0,,
2016-08-31,2016-10-21,10-Q,PREAXIA HEALTH CARE PAYMENT SYSTEMS INC.,PAXH,CIK0001350156,USD,218657.0,,52521.0,2091979.0,,8513.0,,30035.0,4498.0,,,4498.0,4498.0,,-2653.0,,0.001,,75000000.0,18426332.0,,0.0,18426.0,-50919.0,,,,88890.0,44445.0,,,,,,,,,0.0,,-226.0,,-226.0,,,4362.0,0.0,,-3415.0,23133.0,,,,817.0,,,-817.0,,0.0,,,45252.0,,,30035.0,1613428.0,,,19218.0,0.0,-21645.0,-50693.0,410455.0,,,49876.0,-49876.0,,25537.0,,,,,,,,,,19218.0,,,,,,,,,6501.0,-3746319.0,,,,-1583393.0,,,38436.0,38436.0,,,,,19218.0,,,18336320.0,,
2016-11-30,2017-01-13,10-Q,PREAXIA HEALTH CARE PAYMENT SYSTEMS INC.,PAXH,CIK0001350156,USD,223454.0,,57258.0,2091979.0,,8512.0,,22520.0,5495.0,,,5495.0,5495.0,,,,0.001,,75000000.0,18228882.0,,26339.0,18426.0,-69253.0,,,,,,,,,,,,,,0.0,,,,4737.0,,,8920.0,,,,,,,,,,,790.0,,,,,45613.0,,,22520.0,1670430.0,,,,,,-69253.0,406177.0,,,-68463.0,-68463.0,,17025.0,,,,790.0,,,,,,,,,,,,6000.0,,,13531.0,-3815573.0,,,,-1647910.0,,,,,,,,,,,,18426320.0,,
2017-02-28,2017-04-13,10-Q,PREAXIA HEALTH CARE PAYMENT SYSTEMS INC.,PAXH,CIK0001350156,USD,220376.0,952119.0,54279.0,2194452.0,,8513.0,,30249.0,21737.0,,,21737.0,21737.0,,,,0.001,,75000000.0,18631690.0,,19012.0,18632.0,-70692.0,,,,,,,,,,,,,,0.0,,,,-2978.0,,,6741.0,,,,,,,,,,,-790.0,,,,,46602.0,,,30249.0,1646172.0,,,,,,-67714.0,408063.0,,,-66924.0,-66924.0,,8512.0,790.0,,,-790.0,,,,,,,,,,,,1490.0,,,18180.0,-3883286.0,,,,-1615923.0,,,,,,,,,,,,18426320.0,18426320.0,
2017-05-31,2017-08-30,10-K,PREAXIA HEALTH CARE PAYMENT SYSTEMS INC.,PAXH,CIK0001350156,USD,131219.0,,57197.0,2682303.0,,34050.0,,8779.0,8779.0,,,8779.0,8779.0,,1628.0,,0.001,,75000000.0,19667698.0,,,19668.0,-257572.0,,,,,513764.0,,19524.0,,,-1389099.0,1420859.0,,1058760.0,-0.01,,-1928.0,,4450.0,4450.0,,24901.0,,257571.0,-853.0,98383.0,,,,12056.0,,,-12597.0,,,,,,,,8779.0,1207259.0,,,121941.0,,-118385.0,-262022.0,17280.0,,,249425.0,-249425.0,,,,,,,,,,,,121941.0,,,,,,8990.0,,,54743.0,-3957648.0,,,,-1325447.0,,,,,,,514921.0,,105016.0,,,18905485.0,,
2017-08-31,2017-10-18,10-Q,PREAXIA HEALTH CARE PAYMENT SYSTEMS INC.,PAXH,CIK0001350156,USD,131219.0,,57197.0,2682303.0,,,10587600.0,6475.0,6475.0,,,6475.0,6475.0,,-2304.0,,0.001,,75000000.0,19667698.0,,,19668.0,-50114.0,,,,,,,,,,,,,1058760.0,0.0,,,,,,,6463.0,,,,24530.0,,,,,,,,,,,,,,,6475.0,1255069.0,,,23280.0,,-25584.0,-50114.0,40560.0,,,50114.0,-50114.0,,,,,,,,,,,,,,23280.0,,,,3493.0,,,6420.0,-4007762.0,,,,-1248594.0,82802.0,,,,,,,,,,,19667698.0,,
2017-11-30,2018-01-16,10-Q,PREAXIA HEALTH CARE PAYMENT SYSTEMS INC.,PAXH,CIK0001350156,USD,131219.0,52228.0,57197.0,2682303.0,,,,2596.0,2596.0,,,2596.0,2596.0,,,,0.001,,75000000.0,19667698.0,,,19668.0,-103457.0,,,,,,,,,,,,,1058760.0,-0.01,,,,,,,17454.0,,,,,,,,,,,,,,,,,,,2596.0,1293915.0,,,,,,-42725.0,51708.0,,,103457.0,-103457.0,,,,,,,,,,,,,,,,,,10124.0,,,13967.0,,,,,-1291319.0,,,,,,,,,,,,19667698.0,,
2018-02-28,2018-04-16,10-Q,PREAXIA HEALTH CARE PAYMENT SYSTEMS INC.,PAXH,CIK0001350156,USD,131219.0,81575.0,57197.0,2682303.0,,,,1680.0,1680.0,,,1680.0,1690.0,,,,0.001,,75000000.0,19667698.0,,,19668.0,-50073.0,,,,,,,,,,,,,1058760.0,0.0,,,,,,,7111.0,,,,,,,,,,,,,,,,,,,1680.0,1343072.0,,,,,,-50073.0,71518.0,,,50073.0,-50073.0,,,,,,,,,,,,,,,,,,1589.0,,,9461.0,-4100560.0,,,,-1341392.0,,,,,,,,,,,,19667698.0,,
2018-05-31,2018-09-13,10-K,PREAXIA HEALTH CARE PAYMENT SYSTEMS INC.,PAXH,CIK0001350156,USD,142859.0,119121.0,57197.0,2555436.0,,,,7608.0,7608.0,,,7608.0,7608.0,-1171.0,-1171.0,,0.001,,75000000.0,19567698.0,19567698.0,,19568.0,-201716.0,,1058760.0,,,,,,,854826.0,-1416883.0,854826.0,,1058760.0,-0.01,0.34,,,,,,26567.0,,-566033.0,11640.0,119121.0,,,,,,,,,,,,,,1534771.0,7608.0,1534771.0,,87064.0,69784.0,,-70955.0,-201716.0,87064.0,,,201716.0,-201716.0,,,,,126967.0,,,,,,,,69784.0,69784.0,,,,9082.0,,,38067.0,-4159364.0,,,,-1527163.0,,,,,,,,,,,-566033.0,19667698.0,,
2018-08-31,2018-10-11,10-Q,PREAXIA HEALTH CARE PAYMENT SYSTEMS INC.,PAXH,CIK0001350156,USD,139412.0,,57197.0,2682303.0,,,10587600.0,3051.0,3051.0,,,3051.0,3051.0,-4557.0,-4557.0,,0.001,,75000000.0,19667698.0,19667698.0,,19668.0,-55344.0,,,,,,,,,,,,,1058760.0,0.0,,,,,,,9538.0,,,-3447.0,30000.0,,,,,,,,,,,,,,,3051.0,1458591.0,,,24234.0,,-28791.0,-55344.0,112308.0,,,7648.0,-55344.0,,,,,,,,,,,,,25244.0,25244.0,5762.0,,,7014.0,,6772.0,7648.0,-4214708.0,,,,-1455540.0,,,,,,,,,,,,19667698.0,,
2018-11-30,2019-01-14,10-Q,PREAXIA HEALTH CARE PAYMENT SYSTEMS INC.,PAXH,CIK0001350156,USD,140967.0,,57197.0,2682303.0,,,,3993.0,3993.0,,,3993.0,3993.0,,,,0.001,,75000000.0,19667698.0,,,19668.0,-48113.0,,,,,,,,,,,,,1058760.0,0.0,,,,,,,7916.0,,,,,,,,,,,,,,,,,,1507646.0,3993.0,1507646.0,,,,,,-48113.0,127400.0,,,48113.0,-48113.0,,,,,,,,,,,,,,,,,,3110.0,,,6319.0,-4262821.0,,,,-1503653.0,,,,,,,,,,,,19667698.0,,
2019-02-28,2019-04-05,10-Q,PREAXIA HEALTH CARE PAYMENT SYSTEMS INC.,PAXH,CIK0001350156,USD,137359.0,216810.0,57197.0,2682303.0,,,,191.0,191.0,,,,191.0,,,,0.001,,75000000.0,19667698.0,19667698.0,,19668.0,,,1058760.0,,,,,,,,,,,,0.0,,,,,,,4292.0,,,,,,,,,,,,,,,,,,1551770.0,191.0,1551770.0,,138841.0,,,,-47926.0,,,,47926.0,-47926.0,,,,,,,,,,,,,,,,,,3084.0,,,6736.0,-4310747.0,,,,-1551579.0,,,,,,,,,,,,19667698.0,,
2019-05-31,2019-08-27,10-K,PREAXIA HEALTH CARE PAYMENT SYSTEMS INC.,PAXH,CIK0001350156,USD,134436.0,239121.0,57197.0,2605336.0,,,,17939.0,17939.0,,,,17939.0,10331.0,,,0.001,,75000000.0,19667698.0,19667698.0,,19668.0,,,1058760.0,,,,,,,871164.0,,871164.0,,,-0.01,0.21,,,,,,28915.0,,,-8423.0,120000.0,,,,,,,,,,,,,,1692901.0,17939.0,1692901.0,,132902.0,96553.0,,-86222.0,-197799.0,,,,197799.0,-197799.0,3997000.0,,,,126967.0,,-5939.0,,,,50000.0,,51777.0,,26434.0,,,16285.0,,-25719.0,26873.0,-4357163.0,,,,-1674962.0,,,,,,,,,50000.0,,16338.0,19674273.0,,
2019-08-31,2019-09-30,10-Q,PREAXIA HEALTH CARE PAYMENT SYSTEMS INC.,PAXH,CIK0001350156,USD,145373.0,266533.0,57197.0,2605336.0,,,,6430.0,6430.0,,,,6430.0,-11509.0,,,0.001,,75000000.0,19667698.0,19667698.0,,19668.0,,,1058760.0,,,,,,,,,,,,0.0,,,,,,,5871.0,,,10937.0,30000.0,,,,,,,,,,,,,,1730535.0,6430.0,1730535.0,,132902.0,-3303.0,,-8206.0,-49143.0,,,,49143.0,-49143.0,,,,,126967.0,,,,,,,,,,1220.0,,,9699.0,,4523.0,3573.0,-4406306.0,,,,-1724107.0,,,,,,,,,,,,19767698.0,,
2019-11-30,2020-01-14,10-Q,PREAXIA HEALTH CARE PAYMENT SYSTEMS INC.,PAXH,CIK0001350156,USD,146256.0,247151.0,57197.0,2655236.0,,,,0.0,,,,,,,,,0.001,,75000000.0,19767698.0,19767698.0,,19768.0,,,1058760.0,,,,66.0,,,,,,,,0.0,,,,,,,2898.0,,,,,,,,,,,,,,,,,,1712102.0,0.0,1712102.0,,132902.0,,,,-37995.0,,,,37995.0,-37995.0,,,,,126967.0,,,,,,,,,,,,,2786.0,,,2311.0,-4444303.0,,,,-1712102.0,,,,,,,,,,50000.0,,19702863.0,,
2020-02-29,2020-06-03,10-Q,PREAXIA HEALTH CARE PAYMENT SYSTEMS INC.,PAXH,CIK0001350156,USD,152011.0,279121.0,57197.0,2655236.0,,,,0.0,,,,,0.0,,,,0.001,,75000000.0,19767698.0,19767698.0,,19768.0,,,1058760.0,,,,,,,,,,,,-0.002,,,,,,,4098.0,,,,,,,,,,,,,,,,,,1757217.0,0.0,1757217.0,,132902.0,,,,-45115.0,,,,45115.0,-45115.0,,,,,126967.0,,,,,,,,,,,,,4608.0,,,2594.0,-4489418.0,0.0,,,-1757217.0,,,,,,,,,,50000.0,,19667698.0,,
2020-05-31,2020-09-14,10-K,PREAXIA HEALTH CARE PAYMENT SYSTEMS INC.,PAXH,CIK0001350156,USD,155551.0,309121.0,57197.0,2655236.0,,,,46.0,46.0,,,,46.0,-17893.0,,0.0,0.001,,75000000.0,19767698.0,19767698.0,,19768.0,,,1058760.0,,,,,,,882014.0,0.0,882014.0,,,-0.01,0.21,,,,,,15120.0,0.0,,21115.0,120000.0,,,,,,,,,,0.0,,,,1796674.0,46.0,1796674.0,,136465.0,12658.0,0.0,-30551.0,-171666.0,,,,171666.0,-171666.0,4050000.0,,,,126967.0,,,,,,0.0,,3563.0,,18901.0,,,18699.0,,9806.0,11614.0,-4528829.0,0.0,,,-1796628.0,50000.0,,,,,,,,50000.0,,10850.0,19726441.0,,
2020-08-31,2020-10-15,10-Q,PREAXIA HEALTH CARE PAYMENT SYSTEMS INC.,PAXH,CIK0001350156,USD,149224.0,339121.0,57197.0,2655236.0,,,,801.0,801.0,,,,801.0,755.0,,,0.001,,75000000.0,19767698.0,19767698.0,,19768.0,,,1058760.0,,,,,,,,,,,,0.0,,,,,,,3504.0,0.0,,-6327.0,30000.0,,,,,,,,,,0.0,,,,1832284.0,801.0,1832284.0,0.1,136465.0,11937.0,0.0,-11182.0,-34855.0,,,,34855.0,-34855.0,,,,,126967.0,,,,,,,,0.0,,12535.0,,,0.0,,598.0,1351.0,-4563684.0,0.0,,,-1831483.0,,,,,,,,,,,,19797698.0,,
2020-11-30,2021-01-13,10-Q,PREAXIA HEALTH CARE PAYMENT SYSTEMS INC.,PAXH,CIK0001350156,USD,157999.0,369121.0,57197.0,2655236.0,,,,,,,,,0.0,,,,0.001,,75000000.0,19767698.0,19767698.0,,19768.0,,,1058760.0,,,,42.0,,,,,,,,0.0,,,,,,,3509.0,,,,,,,,,,,,,,,,,,1878882.0,,1878882.0,,136465.0,,,,-47399.0,,,,47399.0,-47399.0,,,,,126967.0,,,,,,,,,,,,,11819.0,,,2071.0,-4611083.0,0.0,,,-1878882.0,,,,,,,,,,,,19767698.0,,
2021-02-28,2021-04-14,10-Q,PREAXIA HEALTH CARE PAYMENT SYSTEMS INC.,PAXH,CIK0001350156,USD,160200.0,399121.0,57197.0,2655236.0,,,,118.0,118.0,,,,118.0,,,0.0,0.001,,75000000.0,19767698.0,19767698.0,,19768.0,,,1058760.0,,,,,,,,,,,,-0.002,,,,,,,5608.0,,,,,,,,,,,,,,,,,,1912399.0,118.0,1912399.0,,136465.0,,,,-41226.0,,,,41351.0,-41226.0,,,,,126967.0,,,,,,,,,,,,,3162.0,,,1953.0,-4652307.0,125.0,,,-1912281.0,,,,,,,,,,,,19767698.0,,
2021-05-31,2021-09-09,10-K,PREAXIA HEALTH CARE PAYMENT SYSTEMS INC.,PAXH,CIK0001350156,USD,163027.0,429121.0,57197.0,2655236.0,,,,40.0,40.0,,,,40.0,-6.0,,0.0,0.001,,75000000.0,19767698.0,19767698.0,,19768.0,,,1058760.0,,,,,,,891084.0,0.0,891084.0,,37696.0,-0.01,,,,,,,16597.0,0.0,,7476.0,120000.0,,,,,,,,,,0.0,,,,1959861.0,40.0,1959861.0,,136465.0,35711.0,0.0,-35717.0,-163193.0,,,,163604.0,-163193.0,4090000.0,,,,134792.0,,,,,,7825.0,,0.0,,29433.0,,,18160.0,,1547.0,8219.0,-4692022.0,411.0,,0.0,-1959821.0,,,,,,,,,,,9070.0,19767698.0,,
2021-08-31,2021-10-15,10-Q,PREAXIA HEALTH CARE PAYMENT SYSTEMS INC.,PAXH,CIK0001350156,USD,165450.0,459121.0,57197.0,2655236.0,,,,0.0,0.0,,,,0.0,-40.0,,0.0,0.001,,75000000.0,19767698.0,19767698.0,,19768.0,,,1058760.0,,,,,,,,,,,,0.0,,,,,,,1616.0,0.0,,2423.0,30000.0,,,,,,,,,,0.0,,,,2001353.0,0.0,2001353.0,0.1,136465.0,9069.0,0.0,-9109.0,-41532.0,,,,41573.0,-41532.0,,,,,134792.0,,,,,,,,0.0,,9035.0,,,7876.0,,210.0,2081.0,-4733554.0,41.0,,244.0,-2001353.0,,,,,,,,,,,,19797698.0,,
2021-11-30,2022-01-14,10-Q,PREAXIA HEALTH CARE PAYMENT SYSTEMS INC.,PAXH,CIK0001350156,USD,159144.0,489121.0,57197.0,2655236.0,,,,110.0,110.0,,,,110.0,,,0.0,0.001,,75000000.0,19767698.0,19767698.0,,19768.0,,,1058760.0,,,,,,,,,,,54971.0,0.0,,,,,,,7520.0,,,,,,,,,,,,,,,,,,2045118.0,110.0,2045118.0,,148330.0,,,,-43655.0,,,,43885.0,-43655.0,,,,,134792.0,,,,,,,,,,,,,3507.0,,,2073.0,-4777209.0,230.0,,,-2045008.0,,,,,,,,,,,,19767698.0,,
