end,filed,form,Name,Ticker,CIK,Currency,AccountsPayable,AccountsPayableCurrent,AccountsPayableRelatedPartiesCurrent,AccountsReceivableRelatedParties,AccretionOfDiscount,AccruedLiabilities,AccruedLiabilitiesCurrent,AccruedLiabilitiesCurrentAndNoncurrent,AccumulatedDepreciationDepletionAndAmortizationExpensePropertyPlantAndEquipmentCurrentCharge,AccumulatedDepreciationDepletionAndAmortizationPropertyPlantAndEquipment,AccumulatedDepreciationDepletionAndAmortizationPropertyPlantAndEquipmentExcludingCapitalLeasedAssets,AccumulatedOtherComprehensiveIncomeLossNetOfTax,AdditionalPaidInCapital,AdditionalPaidInCapitalCommonStock,AdjustmentForAmortization,AdjustmentsToAdditionalPaidInCapitalConvertibleDebtWithConversionFeature,AdjustmentsToAdditionalPaidInCapitalEquityComponentOfConvertibleDebt,AdvertisingRevenueCost,AllowanceForDoubtfulAccountsReceivableWriteOffs,AmortizationOfDebtDiscountPremium,AmortizationOfIntangibleAssets,AmountOfIneffectivenessOnNetInvestmentHedges,AntidilutiveSecuritiesExcludedFromComputationOfEarningsPerShareAmount,Assets,AssetsCurrent,BankOverdrafts,Cash,CashAndCashEquivalentsAtCarryingValue,CashAndCashEquivalentsFairValueDisclosure,CashAndCashEquivalentsPeriodIncreaseDecrease,CashEquivalentsAtCarryingValue,CashPeriodIncreaseDecrease,ChangeInUnrealizedGainLossOnFairValueHedgingInstruments1,CommonStockNoParValue,CommonStockParOrStatedValuePerShare,CommonStockSharesAuthorized,CommonStockSharesIssued,CommonStockSharesOutstanding,CommonStockValue,CommonStockValueOutstanding,ConvertibleDebt,ConvertibleLongTermNotesPayable,ConvertibleNotesPayable,ConvertibleNotesPayableCurrent,DebtConversionConvertedInstrumentAmount1,DebtConversionConvertedInstrumentSharesIssued1,DebtConversionOriginalDebtAmount1,DebtInstrumentConvertibleBeneficialConversionFeature,DebtInstrumentConvertibleConversionPrice1,DebtInstrumentDecreaseForgiveness,DebtInstrumentIncreaseAccruedInterest,DebtInstrumentIncreaseDecreaseForPeriodNet,DebtInstrumentUnamortizedDiscount,DebtInstrumentUnamortizedDiscountPremiumNet,DeferredTaxAssetsGross,DeferredTaxAssetsOperatingLossCarryforwards,DeferredTaxAssetsValuationAllowance,Depreciation,DepreciationAndAmortization,DepreciationDepletionAndAmortization,DerivativeAssetsLiabilitiesAtFairValueNet,DerivativeFairValueOfDerivativeLiability,DerivativeFairValueOfDerivativeNet,DerivativeLiabilities,DerivativeLiabilitiesCurrent,DerivativeLiabilitiesNoncurrent,DevelopmentStageEnterpriseDeficitAccumulatedDuringDevelopmentStage,EarningsPerShareBasic,EarningsPerShareBasicAndDiluted,EffectiveIncomeTaxRateContinuingOperations,EffectiveIncomeTaxRateReconciliationAtFederalStatutoryIncomeTaxRate,EffectiveIncomeTaxRateReconciliationChangeInDeferredTaxAssetsValuationAllowance,EffectiveIncomeTaxRateReconciliationStateAndLocalIncomeTaxes,FinancialServicesCosts,FiniteLivedIntangibleAssetsAmortizationExpense,FiniteLivedIntangibleAssetsNet,GainsLossesOnExtinguishmentOfDebt,GeneralAndAdministrativeExpense,IncomeLossFromContinuingOperationsPerBasicAndDilutedShare,IncomeLossFromContinuingOperationsPerBasicShare,IncomeLossFromExtraordinaryItemsNetOfTaxPerBasicAndDilutedShare,IncomeTaxesPaidNet,IncreaseDecreaseInAccountsPayable,IncreaseDecreaseInAccountsPayableAndAccruedLiabilities,IncreaseDecreaseInAccountsPayableRelatedParties,IncreaseDecreaseInAccruedLiabilities,IncreaseDecreaseInDerivativeLiabilities,IncreaseDecreaseInInterestPayableNet,IncreaseDecreaseInOtherAccruedLiabilities,IncreaseDecreaseInPrepaidExpense,InterestAndDebtExpense,InterestExpense,InterestExpenseDebt,InterestExpenseDebtExcludingAmortization,InterestExpenseOther,InterestExpenseRelatedParty,InterestIncomeOther,InterestPaid,InterestPayable,InterestPayableCurrent,InterestPayableCurrentAndNoncurrent,InvestmentIncomeInterest,LegalFees,Liabilities,LiabilitiesAndStockholdersEquity,LiabilitiesCurrent,LiabilitiesNoncurrent,LiabilitiesOtherThanLongtermDebtNoncurrent,LineOfCredit,LineOfCreditFacilityAmountOutstanding,LineOfCreditFacilityInterestRateDuringPeriod,LineOfCreditFacilityMaximumBorrowingCapacity,LineOfCreditFacilityRemainingBorrowingCapacity,LinesOfCreditCurrent,LongTermDebt,LongTermLineOfCredit,NetCashProvidedByUsedInFinancingActivities,NetCashProvidedByUsedInFinancingActivitiesContinuingOperations,NetCashProvidedByUsedInInvestingActivities,NetCashProvidedByUsedInInvestingActivitiesContinuingOperations,NetCashProvidedByUsedInOperatingActivities,NetCashProvidedByUsedInOperatingActivitiesContinuingOperations,NetIncomeLoss,NetIncomeLossAvailableToCommonStockholdersBasic,NoninterestExpenseOfferingCost,NonoperatingIncomeExpense,NotesReceivableRelatedParties,NotesReceivableRelatedPartiesNoncurrent,OfficersCompensation,OperatingExpenses,OperatingIncomeLoss,OperatingLossCarryforwards,OriginationOfNotesReceivableFromRelatedParties,OtherExpenses,OtherInterestAndDividendIncome,OtherNonoperatingExpense,OtherReceivables,PaymentsForFees,PaymentsForPurchaseOfOtherAssets,PaymentsForPurchaseOfOtherAssets1,PaymentsForRepurchaseOfEquity,PaymentsToAcquireIntangibleAssets,PaymentsToAcquireNotesReceivable,PaymentsToAcquirePropertyPlantAndEquipment,PaymentsToDevelopSoftware,PreferredStockParOrStatedValuePerShare,PreferredStockSharesAuthorized,PreferredStockSharesIssued,PreferredStockSharesOutstanding,PreferredStockValue,PrepaidExpense,PrepaidExpenseCurrent,ProceedsFromConvertibleDebt,ProceedsFromIssuanceOfCommonStock,ProceedsFromIssuanceOrSaleOfEquity,ProceedsFromLinesOfCredit,ProceedsFromRelatedPartyDebt,ProceedsFromRepaymentsOfBankOverdrafts,ProceedsFromRepaymentsOfRelatedPartyDebt,ProfessionalFees,ProfitLoss,PropertyPlantAndEquipmentNet,RepaymentOfNotesReceivableFromRelatedParties,RepaymentsOfConvertibleDebt,RepaymentsOfLinesOfCredit,RepaymentsOfRelatedPartyDebt,ResearchAndDevelopmentExpense,RetainedEarningsAccumulatedDeficit,Revenues,SaleOfStockNumberOfSharesIssuedInTransaction,SaleOfStockPricePerShare,SalesRevenueServicesNet,SellingGeneralAndAdministrativeExpense,ShareBasedCompensation,ShareBasedCompensationArrangementByShareBasedPaymentAwardFairValueAssumptionsExpectedVolatilityRate,ShareBasedCompensationArrangementByShareBasedPaymentAwardFairValueAssumptionsRiskFreeInterestRate,ShareBasedCompensationArrangementByShareBasedPaymentAwardOptionsExercisesInPeriodTotalIntrinsicValue,StockholdersEquity,StockholdersEquityIncludingPortionAttributableToNoncontrollingInterest,StockholdersEquityNoteSubscriptionsReceivable,StockIssued1,StockIssuedDuringPeriodSharesReverseStockSplits,StockIssuedDuringPeriodValueIssuedForCash,StockIssuedDuringPeriodValueIssuedForNoncashConsiderations,StockIssuedDuringPeriodValueIssuedForServices,StockIssuedDuringPeriodValueShareBasedCompensation,UnrealizedGainLossOnDerivatives,ValuationAllowanceDeferredTaxAssetChangeInAmount,WeightedAverageNumberOfShareOutstandingBasicAndDiluted,WeightedAverageNumberOfSharesOutstandingBasic
2011-06-30,2011-08-22,10-Q,"REVE TECHNOLOGIES, INC.",BSSP,CIK0001495028,USD,2469.0,,,,,,,,71.0,,,,,,71.0,,,,,,,,,6053.0,5397.0,,5397.0,5397.0,,,,,,,0.001,100000000.0,4000000.0,,4000.0,,,,,,,,,,,,,,,,,,,,,,,,,,,,-49710.0,0.0,,,,,,,71.0,,,568.0,,,,,,,,,,,,,,1150.0,,,,,,,3169.0,,,,,51763.0,6053.0,2469.0,,49294.0,46125.0,,,,,,,,,,,,,,-10219.0,,,,,,,9069.0,,,,1150.0,,,,,,,,,,,,0.001,10000000.0,,0.0,,,,,,,,,,,8430.0,,656.0,,,,,,,,,,,,,,,,,-45710.0,,,,,,,,,,,20000000.0
2011-09-30,2011-11-10,10-Q,"REVE TECHNOLOGIES, INC.",BSSP,CIK0001495028,USD,1509.0,,3000.0,,,,,,,,,,4061.0,,70.0,,,,,,,,,6576.0,5990.0,,5990.0,5990.0,,,,,,,0.001,100000000.0,45000000.0,,,45000.0,,,,,,,,,,,,,,,,,,,,,,,,,,,-117898.0,0.0,,,,,,,,,,900.0,,0.0,,,,,,,,,,,,1610.0,,,,,,,4779.0,,,-3.0,,75413.0,6576.0,4509.0,,,66125.0,,,,,,70904.0,,,,,,,,-68188.0,,,,,,,66581.0,,,,1607.0,,,,,,,,,,,,0.001,10000000.0,,,,,,,,,,,,,65611.0,,586.0,,,,,,,,,,,,,,,,-68837.0,,,,,,,,,,,,22445652.0
2011-12-31,2012-03-30,10-K,"REVE TECHNOLOGIES, INC.",BSSP,CIK0001495028,USD,,,,,,,4219.0,,,,,,24061.0,,281.0,,,,,,,,,4167.0,3651.0,,3651.0,3651.0,,-3128.0,,-3128.0,,,0.001,100000000.0,25000000.0,25000000.0,25000.0,,,,,,,,,,,,,,,,43833.0,43833.0,43833.0,,,,,,,,,,125238.0,0.0,,0.0,-0.35,0.35,0.0,,,516.0,,1831.0,,,,,,,,,,3252.0,,,,3252.0,,,,,,,4219.0,,4219.0,4.0,,80344.0,4167.0,,80344.0,,76125.0,,,,,,80344.0,76125.0,85061.0,,,,-88189.0,,-91722.0,,,,,,,88474.0,,125238.0,,3248.0,,,,,,,,,,,,0.001,10000000.0,0.0,0.0,,,,,45061.0,,40000.0,,,,86362.0,-91722.0,516.0,,,,,,,,,,,,,,,,-76177.0,,,,,45061.0,,,,,,,20824176.0
2012-03-31,2012-05-14,10-Q,"REVE TECHNOLOGIES, INC.",BSSP,CIK0001495028,USD,,,,,,,,,,,,,24061.0,,70.0,,,,,,,,,654.0,208.0,136.0,,,,-3651.0,,-3651.0,,,0.001,100000000.0,25000000.0,,25000.0,,,,,,,,,,,,,,,,,,,,,,,,,,,,-140176.0,0.0,,,,,,,,,,7.0,,,,,,,,,,1289.0,1289.0,-208.0,,1288.0,,,,1288.0,,,5508.0,,,,,91769.0,654.0,136.0,,,86125.0,,,,,,91633.0,,10136.0,,,,-13787.0,,-14938.0,,,-1288.0,,,,25650.0,,,,1288.0,,,,,,,,,,,,0.001,10000000.0,,,,208.0,,,,,10000.0,,136.0,,25573.0,,446.0,,,,,,,12000.0,,,,,,,,,-91115.0,,,,,,,,,,,,25000000.0
2012-06-30,2012-08-10,10-Q,"REVE TECHNOLOGIES, INC.",BSSP,CIK0001495028,USD,,18.0,,,,,,,,,,-150342.0,24061.0,,71.0,,,,,,,,,1861.0,1486.0,,1486.0,1486.0,,,,,,,0.001,100000000.0,25000000.0,25000000.0,25000.0,,,,,,,,,,,,,,,,,,,,,,,,,,,,-150342.0,0.0,,,,,,,71.0,,,427.0,,,,,,,,,,,,,,1391.0,,,,,,,6898.0,,,,,103142.0,1861.0,18.0,103124.0,,96226.0,,,,,,,,,,,,,,-10166.0,,,-1391.0,,,,8775.0,,,,1391.0,,,,,,,,,,,,0.001,10000000.0,,,,,,,,,,,,,8277.0,,375.0,,,,,,,,,,,,,,,,-101281.0,,,,,,,,,,,,25000000.0
2012-09-30,2012-11-06,10-Q,"REVE TECHNOLOGIES, INC.",BSSP,CIK0001495028,USD,,278.0,,,,8297.0,8430.0,,,,,,24061.0,,70.0,,,,,,,,,1197.0,892.0,,892.0,892.0,93076.0,,,,,0.001,0.001,100000000.0,25000000.0,25000000.0,25000.0,,,,,,,,,,,,,,,,,,,,,,,,,,,,-161148.0,0.0,,,,,,,,,,70.0,,0.0,,,,,,,,,,,,1532.0,,,,,,,,,,,,113284.0,1197.0,278.0,113006.0,,104576.0,,,,,,,,,,,,,,-10806.0,,,,,,,9274.0,,,,1532.0,,1532.0,,,,,,,,,,0.001,10000000.0,,,,,,,,,,,,,9134.0,,305.0,,,,,,,,,,,,,,,,-112087.0,,,,,,,,,,,,75000000.0
2012-12-31,2013-04-01,10-K,"REVE TECHNOLOGIES, INC.",BSSP,CIK0001495028,USD,,1258.0,,,,,,,,,,,77326.0,77326.0,281.0,,,,,,281.0,,,388.0,154.0,,,154.0,,-3497.0,,,,,0.001,100000000.0,75015000.0,75015000.0,75015.0,,,,,,,,,,,,,,,,60576.0,60576.0,60576.0,,,281.0,,,,,,,173574.0,0.0,,0.0,0.35,0.35,0.0,,,234.0,102780.0,580.0,,,,,1258.0,,,,,5909.0,,,,5908.0,,,,,,,,,423.0,,,21621.0,388.0,1258.0,20363.0,,,19940.0,,100000.0,80060.0,,,19940.0,36891.0,36891.0,,,-40388.0,-40388.0,-48336.0,,,-5908.0,,,500.0,54428.0,,173074.0,,5908.0,,,,,,,,,,,,0.001,10000000.0,0.0,0.0,,,,,,,38291.0,,,,53067.0,,,,,1400.0,,,,12000.0,,,12000.0,,500.0,,,,-21233.0,,,,,,,,500.0,,,,75000000.0
2013-03-31,2013-06-20,10-Q,"REVE TECHNOLOGIES, INC.",BSSP,CIK0001495028,USD,,518.0,,,,,118.0,,,,,,135877.0,,71.0,,,,,,71.0,,,5066.0,4902.0,,,2.0,,-152.0,,,,,0.001,100000000.0,25005000.0,25005000.0,25005.0,,,,,,,,,8540.0,,,,,,,,,,,,,,,,,,,178151.0,0.0,,,,,,,,164.0,,51.0,,,,,-740.0,,,118.0,,311.0,311.0,4900.0,,312.0,312.0,,,118.0,,,,,734.0,,,22435.0,5066.0,636.0,21799.0,,,21065.0,,100000.0,78935.0,,,21065.0,9665.0,9665.0,-100.0,-100.0,-9717.0,-9717.0,-4577.0,,,-430.0,,100.0,,4147.0,,,,,,,,,,,,,100.0,,,0.001,10000000.0,0.0,0.0,,,4900.0,8540.0,,,1125.0,,,,4025.0,,,-100.0,,,,,,,,,,,,,,,-17369.0,,,,,,,,,,,,75015000.0
2013-06-30,2013-08-12,10-Q,"REVE TECHNOLOGIES, INC.",BSSP,CIK0001495028,USD,,1368.0,,,,,864.0,,,,,,185877.0,,70.0,,,,,,70.0,,,4003.0,3909.0,,,234.0,,,,,,,0.001,100000000.0,25005000.0,25005000.0,25005.0,,,,,25957.0,,,,,,,,,,,,,,,,,,,,,,,221832.0,0.0,,,,,,,,94.0,,3074.0,,,,,,,,,,,,,,-109.0,,,26703.0,-26703.0,,,,,1049.0,,,50303.0,4003.0,28189.0,22114.0,,,21065.0,,100000.0,78935.0,,,21065.0,,,,,,,-43681.0,,,26812.0,,35350.0,5000.0,16869.0,-16869.0,,,1225.0,,,,,,,,,,,,0.001,10000000.0,0.0,0.0,,,3675.0,,,,,,,,8725.0,,,,,,,,,,,,,,,,,,-46300.0,,,,,,,,,,,,25005000.0
2013-09-30,2013-11-19,10-Q,"REVE TECHNOLOGIES, INC.",BSSP,CIK0001495028,USD,,3378.0,,,,,2734.0,,,,,,179193.0,,132.0,,,,,,,,,8421.0,7270.0,,,4820.0,,,,,,,0.001,100000000.0,75015000.0,75015000.0,75015.0,,22512.0,,,72893.0,10142.0,,,,,,,,,,,,,,,,,,,,,,308061.0,0.0,,,,,,,,23.0,,2758.0,,,,,,,,,,,,,,468.0,,,55035.0,55035.0,,,,,51.0,,,89012.0,8421.0,79005.0,10007.0,,,9956.0,,100000.0,90044.0,,,9956.0,,,,,,,-86229.0,,,-55503.0,,49250.0,14000.0,30726.0,-30726.0,,,,,55503.0,,,,,,,,,,0.001,10000000.0,0.0,0.0,,,2450.0,,,,,,,,12730.0,,1128.0,,,,,1238.0,,,,,,,,,,,-80591.0,,,,,,,,,,,,36985601.0
2013-12-31,2014-04-15,10-K,"REVE TECHNOLOGIES, INC.",BSSP,CIK0001495028,USD,,5218.0,,,92755.0,,,,,,161.0,,,251092.0,395.0,113237.0,,0.0,,,234.0,,129907.0,2374.0,1345.0,,,120.0,,-34.0,,,,,0.001,100000000.0,36997970.0,36997970.0,36998.0,,,,105465.0,105465.0,12370.0,,,,,,,,20483.0,,126314.0,360896.0,-126314.0,395.0,,395.0,,,,,,,362032.0,-0.01,-0.01,0.0,0.35,0.35,0.35,,,,,8170.0,-188458.0,,36997970.0,,3960.0,,,,,1022.0,,1225.0,,11165.0,5057.0,92754.0,,97811.0,,,,5057.0,,,,125881.0,2374.0,115740.0,10141.0,,,,,,,,,10141.0,,127073.0,,-50755.0,,-76352.0,-188458.0,,,-108976.0,,49565.0,32500.0,79482.0,-79482.0,360896.0,54540.0,,,,,3675.0,,1190.0,,,,1190.0,,0.001,10000000.0,0.0,0.0,,,1225.0,127198.0,,,1125.0,127198.0,,,33915.0,,1029.0,4975.0,1250.0,,,4897.0,-362032.0,,,,,,,,,,-123507.0,,,,,,,10142.0,,,,,36997970.0
2014-03-31,2014-05-20,10-Q,"REVE TECHNOLOGIES, INC.",BSSP,CIK0001495028,USD,,5218.0,,,20287.0,,,,,,,,,234607.0,,21544.0,,,,,99.0,,,4219.0,3289.0,,,3289.0,,3169.0,,,,,0.001,100000000.0,75027369.0,75027369.0,75027.0,,,,,140146.0,,,,,,,,,21741.0,,,,,99.0,,,,,,,,,418106.0,0.0,,,,,,,,,,3282.0,,,,,,,,,,135.0,,-1225.0,,135.0,2808.0,20287.0,,2808.0,,,,7866.0,,,,163506.0,4219.0,153230.0,10276.0,,,,,,,,,9956.0,,35938.0,,-1250.0,,-31519.0,-56074.0,,,-23230.0,,50815.0,13600.0,32844.0,-32844.0,,1255.0,,,,,,,,,,,,,0.001,10000000.0,,,,,,35938.0,,,,,,,5951.0,,930.0,5.0,,,,10011.0,,,,,,,,,,,-159287.0,,,,,,,,,,,,36997970.0
2014-06-30,2014-08-14,10-Q,"REVE TECHNOLOGIES, INC.",BSSP,CIK0001495028,USD,,1019.0,,51515.0,,,,11327.0,,,359.0,,,287710.0,,,,,-51515.0,14417.0,99.0,,,3212.0,2381.0,,,2381.0,,,,,,,0.001,100000000.0,36997970.0,36997970.0,36998.0,,,,,189597.0,,,,,,,,,22398.0,,,,,,,,,,,,,,,0.0,0.0,,,,,,,,,6899.0,,,,,,,,,51515.0,,,,,131.0,,,,17884.0,,,,11327.0,,,,212355.0,3212.0,205759.0,6596.0,,3816.0,,,,,,,6596.0,,,,,,,-115745.0,,,-69530.0,,,14900.0,46215.0,-46215.0,,,,,,,,,,,,,,,0.001,10000000.0,,,,,,,,,,,,,13020.0,,831.0,,,,,11396.0,-533851.0,,,,,,,,,,-209143.0,,,,,,,,,,,,36997970.0
2014-09-30,2014-11-13,10-Q,"REVE TECHNOLOGIES, INC.",BSSP,CIK0001495028,USD,,2203.0,,51515.0,,,,16030.0,,,459.0,,,330689.0,,,,,,,,,,2344.0,1613.0,,,1613.0,,,,,,,0.001,100000000.0,36997970.0,36997970.0,36998.0,,,,,204458.0,,,,,,,,,50516.0,,,,,,,,,,,,,,,0.0,,,,,,,,,,7551.0,,,,,,,,,,,,,,-151.0,,,,-19564.0,,,,16030.0,,,,233254.0,2344.0,233254.0,,,10563.0,,,100000.0,9956.0,,,,,,,,,,-64747.0,,,-19715.0,,,15000.0,45032.0,-45032.0,,,,,,,,,,,,,,,0.001,10000000.0,0.0,0.0,,,,,,,,,,,11456.0,,731.0,,,,,11025.0,-598597.0,0.0,,,,7551.0,,,,,-230910.0,,,,,,,,,0.0,,,36997970.0
2014-12-31,2015-03-31,10-K,"REVE TECHNOLOGIES, INC.",BSSP,CIK0001495028,USD,,8739.0,,,82081.0,,,21609.0,,558.0,558.0,,358798.0,358798.0,,,107706.0,615.0,51515.0,499.0,,184169.0,1066891.0,57094.0,55228.0,,48928.0,48928.0,,48808.0,,,,,0.001,1000000000.0,57439461.0,57439461.0,36998.0,,,1064.0,233484.0,4921.0,,,,,,,,,52829.0,26714.0,213481.0,609945.0,-213481.0,397.0,,,184169.0,,,184169.0,91526.0,92643.0,,-0.01,-0.01,,,,0.35,,,,,30171.0,-441369.0,,36997970.0,,3520.0,,,,109169.0,572.0,,5075.0,,4052.0,16553.0,78596.0,,95148.0,,,,21609.0,,,2500.0,464699.0,57094.0,370992.0,93707.0,,10713.0,,,,,,,,,232135.0,,-3189.0,,-180138.0,-441369.0,,,-259884.0,158235.0,,61000.0,181485.0,-181485.0,,1955.0,,,,0.0,,,1234.0,,,,,,0.001,10000000.0,0.0,0.0,0.0,,6300.0,75000.0,,,,159005.0,,,52050.0,,1866.0,,1870.0,,,38264.0,-803401.0,,,,,,,,,39874.0,-407605.0,,,,,,,,,,87167.0,,36997970.0
2015-03-31,2015-05-15,10-Q,"REVE TECHNOLOGIES, INC.",BSSP,CIK0001495028,USD,,10114.0,,,71798.0,,,27193.0,,,759.0,,,358798.0,,,,,,,,130278.0,,37620.0,33503.0,,,33503.0,,-15425.0,,,-60159.0,,0.001,100000000.0,36997970.0,36997970.0,36998.0,,,18783.0,269028.0,31437.0,,,,,,,,,14055.0,,,,,202.0,,,254288.0,254288.0,,254288.0,113910.0,140378.0,,0.0,,,,,,,,,,27232.0,,,,,1375.0,,,,-14631.0,3925.0,,-6300.0,36254.0,3925.0,5584.0,35544.0,,5584.0,,,,27193.0,,,6750.0,621703.0,37620.0,462542.0,159161.0,,10860.0,,,,,,,,,79750.0,,,,-95175.0,-176478.0,,,-66676.0,,,38845.0,109802.0,-109802.0,,,,,,2452.0,,,,,,,,,0.001,10000000.0,0.0,0.0,,,,79750.0,,,,,,,29470.0,,1665.0,,,,,14255.0,-979879.0,,,,,,,,,,-584083.0,,,,,,,,,,,,36997970.0
2015-06-30,2015-08-17,10-Q,"REVE TECHNOLOGIES, INC.",BSSP,CIK0001495028,USD,,167399.0,,,,,,,,,759.0,,,409715.0,,,,,,14055.0,,,,21005.0,14019.0,,,14019.0,,,,,,,0.001,100000000.0,36997970.0,36997970.0,37426.0,,,38154.0,283083.0,50679.0,,,,,0.25,,,,14055.0,,,,,,,,445521.0,445521.0,,254288.0,180437.0,265084.0,,-0.01,-0.01,,,,,,,,,8171.0,,,,,,,,,209518.0,,,,,43752.0,,,,19701.0,,,,32839.0,,,,1028684.0,21005.0,725446.0,303238.0,,11009.0,,,,,,,,,,,,,,-474941.0,,,-272971.0,,,24033.0,201970.0,-201970.0,,,,,,5523.0,,,,,,,,,0.001,10000000.0,,,,,,,,,,,,,16255.0,,1463.0,,,,,153511.0,-1454820.0,,,,,,,,,,-1007679.0,,,,,,,,,,,,37063752.0
2015-09-30,2015-11-23,10-Q,"REVE TECHNOLOGIES, INC.",BSSP,CIK0001495028,USD,,198035.0,,,,,,,,759.0,,,595297.0,,,,,,,,,,,10952.0,0.0,,1000.0,1000.0,,,,,,,0.001,1000000000.0,57439461.0,57439461.0,57440.0,,,26231.0,258083.0,82080.0,,,,,,,,,15345.0,53382.0,,,,,,,,,,,116141.0,147592.0,,0.0,,,,,,,,,,,,,,,,,,,,,,,,-85133.0,,,,-5642.0,,,,33682.0,,,,873004.0,9952.0,699181.0,173883.0,,11160.0,,,,,,,,,,,,,,-59969.0,,,-30198.0,,,7823.0,29771.0,-29771.0,,,,,,8691.0,,,,,,,,,0.001,10000000.0,,,0.0,,0.0,,,,,,,,18181.0,,1261.0,,,,,0.0,-1514789.0,0.0,,,,3767.0,,,,,-862052.0,,,,,,,,,60577.0,,,49013226.0
